4260 5826
354 857 539 942 eiusdem
564 853 774 934 factorum
799 848 975 960 gloriam
1002 874 1097 926 cum
1123 845 1250 925 laude
1280 844 1354 924 Pe-

355 1003 548 1090 trarchae
574 1001 913 1081 coniunxerunt.
940 992 1041 1074 Erat
1060 991 1131 1071 hic
1149 989 1354 1073 Mediola-

356 1158 399 1234 ni
419 1181 483 1233 an.
506 1171 776 1231 ucccnxvnr
796 1142 970 1252 quando
993 1140 1354 1251 magnificentissi-

357 1328 422 1380 mo
447 1317 657 1407 apparatu
691 1292 930 1372 celebratae
967 1292 1147 1400 nuptiae
1178 1289 1352 1369 fuerunt

357 1445 571 1526 Violantis
594 1439 780 1522 eiusdem
799 1435 989 1518 Galeatii
1009 1435 1120 1516 filiae
1140 1465 1235 1516 cum
1250 1435 1357 1516 Leo-

357 1591 471 1672 nello
498 1589 743 1670 Clarentiae
778 1585 923 1680 Duce,
948 1582 1247 1664 Britannorum
1274 1583 1358 1664 Re-

358 1743 419 1850 gis
440 1737 553 1833 filio,
578 1763 758 1844 cumque
777 1735 920 1816 variae
940 1752 1160 1814 extructae
1179 1731 1359 1810 fuissent

361 1913 561 1980 mensae,
585 1879 978 1966 iussus'Petrarcha
1013 1879 1096 1960 suit
1122 1879 1186 1958 illi
1221 1881 1362 1958 consi-

360 2033 479 2128 dere,
494 2059 623 2140 quam
642 2029 792 2140 Sponsi
812 2029 1032 2136 ceterique
1052 2027 1271 2136 Principes
1289 2027 1360 2106 de·

362 2179 587 2260 corabant.
623 2175 778 2286 Neque
811 2177 950 2256 minus
974 2176 1110 2256 officia
1134 2184 1208 2255 sua
1232 2203 1361 2286 prae-

362 2327 474 2406 stitit
501 2323 698 2406 Bernaba
730 2322 923 2404 Galeatii
960 2326 1093 2434 ipsius
1120 2324 1267 2419 fratri,
1292 2325 1362 2402 cui

361 2497 456 2552 cum
480 2500 631 2581 magna
655 2471 920 2580 impenderet
946 2471 1135 2580 procella
1160 2475 1223 2550 ira
1248 2468 1364 2550 Sum-

362 2621 419 2696 mi
448 2616 661 2700 Pontificis
685 2621 899 2712 excitata,
918 2619 994 2726 qui
1020 2647 1107 2696 non
1131 2617 1263 2696 solum
1288 2645 1363 2725 po·

364 2767 566 2858 tentiam,
583 2765 656 2847 sed
683 2769 829 2862 etiam,
855 2768 889 2846 si
917 2764 1006 2844 fieri
1034 2767 1265 2873 potuisset,
1291 2793 1364 2842 na·

363 2941 459 2992 men
485 2909 793 2994 Vicecomitum
819 2913 961 2994 delere
980 2933 1184 3024 optasset,
1204 2910 1313 2992 hanc
1340 2941 1365 2992 a

365 3086 407 3138 se
441 3082 634 3142 avertere
666 3087 783 3170 posse
822 3065 1035 3172 speravit,
1070 3063 1102 3139 si
1137 3059 1365 3140 Petrarcha

365 3234 470 3288 onus
498 3211 542 3286 in
568 3235 609 3288 se
637 3211 863 3318 recepisset
886 3209 1037 3321 agendi
1063 3208 1116 3288 de
1136 3209 1364 3288 concordia

368 3381 462 3432 curn
490 3352 669 3466 Anglico
693 3353 949 3437 Grimoardo
977 3355 1200 3436 Cardinali
1224 3355 1366 3436 Vrba-

365 3501 409 3578 ni
429 3497 468 3580 V
489 3499 640 3580 fratre.
669 3501 923 3612 Quanquam
948 3506 994 3582 in
1020 3503 1137 3582 illius
1163 3503 1365 3613 periculis

367 3671 564 3754 magnum
592 3647 841 3729 adhibuerit
862 3651 1072 3745 studium,
1092 3648 1363 3730 nihiltamen
1414 3661 1417 3668 ’

364 3791 422 3869 ab
447 3791 641 3892 homine,
663 3826 846 3906 quocum
872 3797 1034 3877 iamdiu
1060 3797 1246 3878 amicitia
1273 3801 1368 3878 iun·

369 3957 462 4018 ctus
488 3964 605 4037 erat,
630 3947 856 4053 impetrare
883 3969 972 4028 tum
998 3950 1167 4056 potuit,
1186 3946 1366 4026 honora·

369 4101 522 4192 tusque
549 4107 591 4166 et
616 4091 860 4189 incolumis,
886 4095 1002 4202 quod
1029 4097 1101 4176 vix
1129 4092 1218 4171 fieri
1245 4122 1363 4202 posse

368 4231 622 4333 videbatur,
648 4267 742 4318 cum
773 4269 918 4322 'omnes
942 4245 1036 4324 viae
1074 4241 1274 4351 oppletae
1300 4269 1364 4320 es-
