4260 5826
810 619 885 712 14
895 615 929 708 3
962 652 967 679 r

374 831 491 898 men,
513 821 560 882 ut
585 802 630 879 in
653 798 734 877 hoc
760 817 972 877 certamen
996 793 1284 874 descenderet.
1311 791 1366 870 11-

374 950 449 1029 lud
475 969 517 1030 et
544 947 737 1026 dabimus
761 943 880 1024 laudi
901 939 1179 1036 Petrarchae,
1199 941 1316 1048 quod
1344 967 1366 1017 e

373 1093 547 1174 Graecis
585 1092 849 1203 philosophis
876 1089 1119 1186 Platonem,
1153 1117 1176 1168 e
1201 1085 1367 1168 Latinis

378 1240 626 1322 Ciceronem
650 1240 845 1320 omnibus
880 1237 1197 1346 anteposuerit,
1223 1235 1299 1342 qui
1335 1233 1368 1310 si

375 1385 652 1480 audirentur,
675 1411 717 1464 se
742 1413 828 1464 non
853 1381 1055 1464 dubitare
1077 1381 1244 1477 aiebat,
1264 1381 1370 1487 quin

376 1533 705 1612 exsibilarentur
716 1531 1006 1611 multiminuti
1018 1526 1369 1646 philosophi,qui

376 1679 430 1758 ab
450 1675 667 1758 Arabibus
692 1677 755 1757 nil
780 1676 898 1756 aliud
923 1676 1163 1755 didicerant
1188 1675 1268 1754 nisi
1291 1671 1374 1753 fal·-

379 1853 446 1904 sas
472 1827 718 1934 opiniones,
746 1851 907 1904 errores
933 1822 1225 1918 turbulentos,
1245 1843 1287 1903 et
1313 1849 1376 1900 su-

375 1975 645 2082 perstitiones
664 2001 773 2084 pene
794 1971 941 2052 aniles.
967 1971 1096 2052 Porro
1115 1975 1148 2050 si
1167 1971 1263 2078 quis
1281 1971 1372 2049 eius

376 2120 593 2230 ingenium
619 2141 662 2200 et
690 2117 979 2226 eloquentiam
1005 2116 1215 2197 admirans
1240 2141 1292 2196 ex
1324 2143 1374 2195 eo

376 2269 649 2374 quaesiisset,
673 2295 761 2374 qua
786 2269 965 2344 maxime
1001 2285 1091 2346 arte
1119 2261 1375 2360 confideret,

375 2415 582 2520 potuisset
608 2435 657 2492 ut
686 2412 947 2524 Pythagoras
968 2411 1123 2490 Leonti
1150 2413 1374 2521 responde·

377 2585 446 2652 re,
472 2585 514 2637 se
540 2585 625 2637 esse
652 2557 977 2668 philosophum
1013 2587 1109 2638 nam
1134 2587 1220 2638 non
1246 2557 1372 2636 facile

376 2702 453 2782 illa
477 2725 618 2786 aetate
644 2709 874 2788 invenisses
899 2707 975 2814 qui
1002 2733 1051 2784 eo
1075 2707 1206 2816 magis
1225 2731 1373 2783 nosce-

377 2871 441 2930 ret
475 2879 615 2930 rerum
651 2852 895 2934 divinarum
929 2874 1059 2959 atque
1093 2851 1372 2931 humanarum

378 3021 540 3076 caussas
571 3019 700 3106 atque
733 3019 954 3094 naturam,
980 3025 1230 3106 omnemque
1264 2998 1373 3077 bene

377 3143 549 3226 vivendi
570 3173 618 3222 ac
637 3145 940 3255 gubernandae
961 3144 1225 3254 reipublicae
1245 3145 1374 3223 ratio-

377 3317 472 3368 nem
496 3309 659 3372 teneret
685 3311 815 3398 atque
841 3311 1183 3400 persequeretur.
1210 3289 1372 3370 Referri

278 3475 283 3490 ¹
376 3457 472 3516 sunt
492 3465 632 3518 omnes
658 3439 749 3518 eius
774 3435 875 3516 libri
901 3435 1186 3518 saluberrimis
1204 3463 1375 3544 praece·-

375 3585 460 3690 ptis
479 3583 532 3661 ad
547 3612 644 3664 eum
659 3585 772 3665 vitae
786 3605 942 3664 statum
960 3581 1232 3678 servandum,
1245 3610 1370 3689 quem

377 3756 515 3836 neque
534 3732 822 3839 cupiditatum
843 3755 1155 3836 aestus,neque
1175 3729 1369 3810 fortunae

378 3877 617 3970 temeritas,
643 3905 781 3985 neque
808 3881 1075 3957 inimicorum
1100 3877 1259 3955 iniuria
1277 3904 1373 3986 pos·

377 4043 469 4101 sent
496 4021 777 4118 labefactare,
796 4045 1006 4132 postremo
1027 4044 1194 4118 autem,
1213 4045 1260 4104 ut
1284 4053 1370 4104 rem

377 4189 538 4278 gratam
553 4169 711 4251 faceret
731 4169 763 4249 F
766 4174 954 4252 ranciaco
969 4171 1250 4268 Carrariensi,
1263 4199 1368 4282 opus
