4260 5826
793 631 911 726 &3

316 797 320 808 ⁴
358 820 392 898 si
424 815 604 902 alicuius
632 812 857 891 commodis
886 811 1154 917 utilitatique
1182 810 1380 888 serviis-‘

359 987 440 1060 set,
459 966 491 1042 si
509 991 551 1041 se
569 989 620 1040 ex
640 962 779 1038 animo
798 960 928 1038 amari
948 956 1243 1048 intellexisset,
1256 982 1352 1065 gau·

358 1113 430 1192 dio
455 1107 818 1218 perfundebatur,
845 1104 890 1183 id
923 1106 1102 1184 maxime
1134 1104 1355 1212 proprium

359 1257 542 1336 hominis
567 1279 653 1332 esse
680 1277 950 1344 asseverant,
972 1269 1023 1330 ut
1059 1249 1185 1330 dictis
1212 1248 1359 1328 factis·
1438 1235 1444 1248 ⁸

360 1431 442 1514 que
467 1403 645 1510 probet,
674 1428 716 1480 se
742 1421 889 1480 natum
915 1425 1003 1478 esse
1030 1396 1083 1476 ad
1112 1400 1357 1478 societatem

363 1551 794 1656 communitatemque
820 1547 984 1657 generis
1008 1542 1200 1624 humani.

698 1853 701 1860 ·
761 1809 971 1885 XXXVI.

499 1915 537 1962 Ὗ

437 1994 575 2076 Huius
597 1993 735 2076 laudis
757 1994 923 2076 illustre
950 2021 1048 2073 sane
1072 2013 1115 2072 et
1140 2019 1360 2101 nunquam

364 2143 638 2252 interiturum
663 2141 841 2250 reliquit
866 2159 1184 2220 monumentum
1209 2140 1292 2220 suis
1315 2139 1361 2217 in
1417 2199 1424 2206 -

363 2289 573 2396 epistolia,
592 2319 696 2398 quas
716 2293 761 2370 in
781 2288 1050 2384 FamiliareS,
1068 2287 1248 2382 Seniles,
1262 2285 1365 2364 Poe·

366 2435 492 2529 ticas,
516 2457 558 2514 et
593 2437 681 2514 sine
711 2438 880 2514 nomine
906 2434 976 2514 vel
1001 2436 1089 2512 sine
1120 2431 1249 2514 titulo
1276 2435 1365 2542 ipse

366 2577 511 2659 divisit
528 2577 598 2658 (¹).
621 2579 764 2661 Habes
790 2583 835 2660 iu
859 2581 924 2660 his
949 2609 1033 2659 non
1060 2579 1192 2658 solum
1217 2580 1270 2658 ad
1295 2581 1365 2660 vi·-

368 2755 466 2807 vum
486 2754 721 2837 expressam
739 2730 964 2840 imaginem
984 2729 1099 2810 vitae
1117 2739 1364 2834 morumque

368 2873 642 2969 Petrarchae,
670 2878 901 2976 sedetiam
929 2904 1094 2955 onmem
1123 2874 1208 2954 fere
1237 2875 1368 2955 histo-

367 3023 472 3100 riam
499 3045 740 3104 contextam
767 3046 1027 3134 temporum,
1052 3024 1210 3131 quibus
1236 3025 1368 3116 vixit,

366 3165 692 3277 hominumque,
720 3201 814 3252 cum
839 3172 996 3279 quibus
1028 3193 1102 3260 aut
1132 3171 1184 3250 de
1211 3170 1366 3252 litteris

370 3333 443 3394 aut
462 3313 514 3394 cle
537 3311 775 3424 Republica
796 3320 1087 3398 commercium
1105 3316 1274 3396 habuit.
1295 3315 1328 3394 F
1331 3345 1370 3394 a·

370 3489 460 3556 ma,
496 3460 895 3574 cohortationesque
936 3467 1163 3546 amicorum
1202 3464 1254 3543 ab
1290 3463 1376 3542 illo¹

370 3606 672 3706 obtinuerunt,
691 3630 739 3690 ut
759 3611 811 3690 de
832 3612 883 3690 iis
904 3609 1151 3722 colligendis
1171 3610 1368 3691 ordinan-

370 3829 1369 3858 mmmmm

432 3918 477 3996 (1)
494 3924 544 3978 Ex
559 3923 762 4001 praefatione
777 3924 815 3982 in
829 3925 991 4004 Epistulas
1007 3924 1199 3984 Familiares
1214 3924 1372 4005 intelliffi·

373 4037 444 4078 mus
452 4059 464 4090 ,
479 4022 587 4100 ipsum
603 4026 707 4084 multo
729 4025 916 4086 huiusmodi
931 4029 1050 4106 scripta
1062 4027 1204 4112 flammis
1221 4027 1374 4084 damnas·

370 4141 424 4190 ss,
438 4141 494 4180 aaa
510 4125 680 4187 mediocres
694 4129 867 4207 suscepisse
881 4131 1001 4190 labam
1008 4172 1018 4200 ,
1034 4145 1071 4189 nt
1083 4143 1370 4221 quassupsrerant,

372 4221 532 4304 colliysret
547 4243 642 4308 atque
660 4231 855 4292 inoratam
871 4233 1013 4311 referret.

1180 4327 1212 4362 20
