4260 5826
1199 553 1313 647 132

759 737 1039 850 Reipublicae
1058 756 1282 846 praesunt,
1300 756 1343 816 et
1365 755 1473 818 artes
1491 741 1607 847 pacis
1626 741 1753 819 corni-

758 909 821 968 tes
854 884 1119 996 provehunt,
1152 912 1279 992 quam
1312 887 1388 992 qui
1422 884 1537 964 bella
1569 910 1750 998 gerunt,

756 1062 840 1114 non
862 1034 1094 1128 recusavit,
1113 1052 1336 1141 postquam
1356 1059 1525 1140 operam
1544 1034 1751 1115 studium-

755 1211 839 1290 que
875 1209 995 1262 suum
1035 1183 1373 1288 interposuerat,
1409 1208 1495 1288 quo
1530 1178 1751 1262 Luchinus

757 1328 950 1411 Vermius
971 1326 1223 1407 Veronensis
1241 1326 1404 1437 Eques,
1428 1331 1657 1439 magnique
1676 1359 1752 1409 no·

755 1477 877 1558 minis
895 1475 994 1556 Dux
1017 1477 1238 1585 imperium
1261 1479 1492 1584 susciperet
1513 1479 1752 1586 copiarum,

755 1653 861 1733 quas
888 1623 1043 1705 Veneti
1072 1625 1126 1703 ad
1161 1626 1416 1735 subigendos
1440 1626 1619 1706 rebelles
1646 1625 1751 1706 Cre·

755 1793 891 1854 tenses
910 1773 1266 1881 conscripserant,
1285 1800 1335 1852 ea
1346 1773 1497 1852 docere
1517 1774 1676 1880 quibus
1697 1774 1754 1852 of·

755 1920 850 2002 ficia
876 1942 918 2000 et
945 1920 1090 2001 laudes
1127 1921 1277 2030 optimi
1313 1919 1579 2029 imperatoris
1613 1921 1753 2001 conti·-

755 2088 933 2149 nentur.
958 2066 1136 2148 Minime
1170 2095 1212 2146 se
1238 2068 1377 2148 vereri
1409 2067 1519 2147 dixit
1554 2065 1750 2148 insolitae

757 2239 799 2298 et
825 2221 1137 2326 inopportunae
1162 2215 1438 2323 loquacitatis
1462 2213 1754 2323 reprehensio-

752 2341 875 2460 nem,
901 2365 1023 2472 quasi
1056 2362 1277 2442 delirantis
1313 2361 1574 2440 Phormionis
1608 2389 1752 2440 exem-

757 2511 875 2622 plum
900 2531 1144 2606 renovaret,
1162 2513 1240 2618 qui
1262 2507 1466 2588 Annibali
1492 2509 1545 2588 de
1570 2537 1616 2588 re
1641 2509 1754 2588 mili·

755 2663 837 2739 tari
859 2658 1198 2769 praeceptadare
1219 2637 1343 2736 ausus
1362 2657 1520 2738 fuerat.
1539 2653 1650 2736 Nam
1670 2655 1751 2734 dis·

757 2832 895 2888 serens
920 2807 972 2886 de
998 2801 1178 2886 scientia
1212 2803 1351 2911 deque
1377 2804 1631 2898 virtutibus,
1657 2805 1752 2910 qui-

754 2956 832 3035 bus
855 2956 996 3033 ornari
1017 2954 1139 3032 decet
1165 2950 1269 3030 belli
1289 2951 1456 3046 ducem,
1482 2979 1565 3029 non
1590 2953 1642 3028 iis
1666 2977 1751 3028 mo-

754 3102 809 3181 do
828 3102 1136 3209 imperatoriis,
1157 3099 1392 3180 cuiusmodi
1416 3117 1513 3179 sunt
1539 3097 1749 3178 fortitudo

754 3251 799 3326 in
828 3248 1052 3357 perieulis,
1082 3248 1292 3328 industria
1322 3250 1369 3326 in
1398 3245 1585 3358 agendo,
1616 3247 1751 3325 consi·
1789 3347 1792 3354 Ι

754 3393 860 3476 lium
885 3398 929 3476 in
950 3395 1236 3504 providendo,
1255 3394 1450 3476 celeritas
1472 3395 1517 3473 in
1535 3391 1748 3474 conficien-

755 3542 828 3639 do,
851 3544 922 3622 sed
941 3545 992 3621 iis
1018 3546 1148 3624 etiam
1172 3542 1422 3636 lenioribus,
1446 3542 1748 3650 temperantia,

753 3687 859 3786 fide,
878 3689 1086 3770 facilitate
1107 3711 1236 3798 atque
1256 3689 1548 3784 humanitate,
1567 3714 1748 3795 quarum

755 3840 938 3916 omnium
966 3835 1151 3917 illustria
1172 3858 1275 3919 sunt
1306 3836 1498 3945 exempla
1521 3838 1566 3916 in
1596 3833 1749 3912 Roma·
1810 3855 1812 3862 ’

754 4011 904 4063 norum
927 3983 1131 4080 historia,
1158 4013 1244 4066 rem
1268 4005 1433 4098 gratam
1454 3987 1588 4067 veteri
1613 3985 1744 4064 amico

756 4157 805 4210 se
816 4131 1029 4216 facturum
1049 4137 1241 4245 putavit,
1261 4136 1295 4212 si
1312 4131 1418 4213 haec
1436 4137 1500 4215 ita
1519 4132 1746 4213 recensuis*v
