4184 5806
773 649 853 742 47

321 850 536 940 scopatum
561 824 828 910 Genuensem
864 829 1024 910 aditum
1058 827 1124 908 illi
1149 829 1314 936 patefe-

317 999 489 1073 cerunt,
514 998 557 1058 et
582 975 802 1086 Philippus
823 974 1134 1058 Gabassolesius
1157 975 1312 1058 Cabel-

316 1123 442 1204 lionis
476 1123 731 1233 Episcopus,
768 1151 896 1231 quem
928 1148 1130 1206 summum
1170 1144 1311 1234 pasto·

319 1299 405 1352 rem
431 1275 553 1382 parvi
584 1273 721 1384 gregis
755 1271 970 1382 appellare
1005 1271 1192 1366 solebat,
1216 1272 1315 1377 qui-

318 1446 402 1528 que
430 1420 651 1530 ampliores
670 1425 799 1504 etiam
818 1421 998 1531 adeptus
1013 1441 1075 1502 est
1092 1421 1314 1530 dignitatis

319 1567 497 1678 gradus,
516 1597 611 1650 cum
637 1571 691 1650 ab
711 1566 885 1650 Vrbano
905 1565 944 1648 V
974 1588 1197 1678 cooptatus
1217 1567 1317 1646 fuis-

319 1736 380 1798 set
409 1718 454 1795 in
482 1715 775 1799 Cardinalium
810 1716 1059 1826 collegium.
1096 1715 1315 1827 Permagni
1358 1744 1362 1752 ·

320 1865 569 1946 aestimabat
596 1866 764 1946 summis
781 1863 847 1944 his
866 1866 968 1948 viris
989 1865 1186 1975 probari,
1205 1891 1315 1972 quae

318 2009 399 2088 sibi
437 2033 756 2119 comparaverat
797 2012 984 2092 remedia
1020 2012 1075 2092 ad
1110 2011 1316 2093 sanandas

320 2159 449 2236 animi
488 2158 775 2267 cupiditates,
810 2159 1080 2242 solitudinem
1095 2180 1112 2258 ,’
1146 2159 1318 2240 firmita-

319 2323 426 2399 tem,
445 2325 488 2384 et
513 2306 794 2415 turpitudinis
816 2307 1140 2402 verecundiam,
1160 2333 1318 2386 eorum·

319 2467 402 2556 que
427 2453 686 2533 sermonibus
708 2455 903 2559 quotidie
933 2458 1064 2566 magis
1088 2453 1317 2538 inflamma·

320 2596 449 2679 batur
482 2599 534 2681 ad
561 2601 733 2682 virtutis
763 2601 967 2683 studium.
1005 2601 1122 2684 Inter
1157 2601 1319 2680 deside·

315 2744 382 2822 ria
407 2766 547 2826 tamen
580 2746 815 2844 bonorum,
840 2776 952 2856 quae
984 2751 1029 2830 in
1061 2752 1151 2859 ipso
1177 2749 1316 2832 animo

319 2911 446 2998 atque
466 2895 510 2972 in
529 2895 621 3002 ipsa
633 2896 793 2976 virtute
808 2919 1049 2992 versantur,
1069 2895 1212 2978 Laura
1234 2923 1316 2976 sae·

318 3067 372 3146 pe
398 3041 624 3122 eiredibat
650 3043 694 3122 in
713 3041 982 3142 menterno),
1009 3065 1182 3154 tumque
1202 3065 1316 3154 opta·

319 3183 417 3281 bat,
442 3215 496 3267 ne
521 3187 597 3268 illa
617 3210 835 3299 pateretur
860 3196 925 3272 sui
943 3192 1151 3274 desiderio
1178 3222 1220 3272 se
1246 3193 1314 3274 mi·

319 3359 454 3414 serum
487 3334 729 3416 tabescere.
765 3337 949 3448 Lapides
991 3343 1181 3450 profecto
1215 3339 1313 3420 llere

318 3483 542 3591 coegisset,
568 3509 663 3562 cum
696 3483 797 3566 boni
833 3507 876 3568 et
906 3484 1006 3566 mali
1032 3489 1313 3570 concertatio·

318 3653 410 3720 nes,
429 3655 535 3734 quas
559 3631 603 3709 in
630 3659 671 3710 se
697 3631 926 3728 sentiebat,
952 3634 1176 3729 narrabat3
1202 3659 1313 3712 com-

318 3810 1312 3846 ummouuumoem

381 3901 426 3979 (1)
448 3905 499 3961 llis
513 3923 576 3982 pur
592 3909 618 3964 si
635 3927 728 3983 aspre
745 3910 818 3979 vie,
835 3916 874 3970 ne
890 3916 916 3970 si
932 3912 1080 3990 selvagge

501 4009 615 4065 Cercar
631 4028 696 4065 non
712 4028 765 4078 so,
780 4010 935 4071 eh’Amor
951 4033 1016 4070 non
1033 4032 1136 4090 veuga
1152 4033 1277 4091 sempre

503 4109 712 4186 Regiouando
727 4131 788 4171 eon
804 4134 910 4184 meso,
924 4115 963 4172 ed
980 4117 1012 4172 io
1027 4134 1088 4172 eon
1103 4115 1169 4189 lui.

910 4220 981 4274 Son.
998 4197 1122 4276 xxvrrr.
