4254 5824
355 823 549 908 alendam
582 826 626 908 in
662 819 801 902 Deum
835 821 1066 930 pietatem,
1091 840 1271 928 spernet
1297 818 1347 900 fi-

353 973 472 1068 dem,
491 993 535 1054 et
560 976 608 1054 in
631 971 742 1054 bono
759 971 1138 1084 perseverantiam,
1155 989 1347 1077 quantae.

354 1120 576 1206 felicitatis
600 1149 687 1205 esse
713 1122 843 1230 possit
869 1119 1039 1202 domurn
1059 1116 1218 1202 habere
1237 1117 1358 1198 clau·-

355 1295 441 1353 sam
466 1268 647 1356 fallaciis
671 1281 804 1378 atque
827 1268 1070 1378 praestigiis
1096 1294 1236 1347 rerum
1263 1263 1348 1346 hn-

347 1433 602 1513 'manarun'r,
636 1437 678 1500 et
715 1415 792 1496 illa
825 1443 990 1500 servare
1035 1436 1203 1510 sancte,
1238 1441 1349 1522 quae

355 1562 471 1645 Deus
504 1565 601 1684 ipse·
628 1591 704 1650 nos
738 1564 914 1658 docuit,
946 1582 995 1642 ut
1031 1561 1264 1669 aliquando
1298 1589 1349 1640 cx

354 1711 483 1822 longa
500 1731 543 1792 et
563 1712 1095 1824 periculosanavigaticne
1118 1712 1164 1792 in
1182 1731 1350 1820 portum

357 1860 582 1968 pervenire
615 1860 849 1967 possimus,
885 1859 951 1940 ita
974 1859 1247 1966 persequitur
1278 1855 1353 1936 Pe-

355 2005 545 2102 ttsrcha,
570 2027 619 2092 ut
647 2007 774 2116 plura
800 2009 855 2088 ab
877 2007 1048 2088 homine
1073 2034 1213 2086 rerum
1232 2006 1355 2087 ‘divi-

358 2181 507 2236 narum
537 2155 890 2264 contemplationi
923 2153 1121 2250 addicto,
1145 2175 1187 2233 et
1219 2155 1265 2232 in
1290 2181 1354 2232 sa-

357 2327 524 2385 crorum
549 2300 755 2386 librorum
787 2300 972 2386 lectione
998 2302 1179 2384 multum
1204 2323 1249 2382 et
1271 2329 1357 2382 sae·
1393 2315 1396 2322 “

355 2473 409 2556 pe
421 2468 588 2528 versato
600 2449 770 2532 minime
783 2443 1092 2556 requireres(¹).
1111 2446 1353 2558 Antequam

356 2591 568 2704 hocopus
603 2593 658 2677 ds
683 2597 772 2674 ocio
795 2592 1092 2704 Religicsorum
1127 2593 1144 2709 (
1157 2599 1226 2714 sic
1241 2599 1355 2678 enim

357 2737 637 2852 inscribitur)
654 2765 873 2840 exararet,
893 2744 1013 2826 aliud
1030 2745 1212 2826 scrihere
1237 2745 1355 2826 insti·

358 2905 499 2971 tuerat
520 2887 574 2968 de
592 2893 677 2970 vita
694 2891 909 2984 solitaria,
928 2895 1046 3002 quod
1070 2895 1352 2976 intermissum

358 3037 496 3116 varias
521 3037 578 3116 ob
595 3066 780 3134 caussas,
806 3040 951 3122 decem
969 3041 1143 3123 tandem
1161 3061 1255 3151 post
1281 3069 1354 3120 un-

359 3222 1356 3265 mmmmm

418 3309 463 3392 (1)
480 3315 520 3367 Its
535 3329 672 3372 extremo
687 3317 767 3374 libro
788 3318 827 3374 ‹is
841 3339 872 3375 ss
888 3319 956 3398 ipse
967 3321 1097 3400 fatetur
1110 3321 1213 3378 veluti
1235 3321 1269 3378 s'rr
1285 3335 1356 3399 pst·-

359 3427 534 3491 opportuno
553 3415 723 3473 diversorio
744 3421 957 3497 conquievisse
971 3421 1008 3478 in
1029 3426 1085 3481 SS.
1102 3427 1235 3481 Parrum
1261 3419 1355 3480 et'di-

360 3514 504 3574 sistorum
519 3515 673 3576 tibrim
689 3520 823 3582 lectione
832 3561 843 3592 ,
859 3539 889 3580 st
904 3545 943 3581 es
961 3523 1006 3582 iis
1024 3525 1192 3583 uberrimis
1208 3524 1357 3605 fontibus

356 3636 389 3672 ss
413 3618 545 3678 haurire
568 3621 753 3693 studuisse,
779 3647 844 3684 non
870 3629 956 3686 unde
981 3629 1135 3690 disertior
1158 3629 1272 3700 fieret,
1297 3631 1352 3688 ssd

360 3722 490 3793 melior,
506 3732 703 3804 nequeuntis
719 3732 872 3791 evaderet
884 3734 1070 3812 disputator
1085 3734 1205 3803 maior,
1222 3735 1274 3790 sed
1286 3753 1358 3812 pec-

360 3847 452 3893 cator
464 3837 591 3894 irrisor.
612 3831 707 3890 Pleni
722 3844 799 3890 suut
815 3851 921 3892 omues
936 3831 1012 3890 lissi
1028 3832 1215 3890 Petrcrchus
1236 3847 1358 3891 senteri-

361 3937 640 3998 dissidendum
659 3937 699 3994 iss
713 3939 819 3994 Deum
832 3937 987 4015 pietatem
1007 3936 1356 4014 opportunissimus

361 4039 400 4097 ds
418 4041 461 4097 iis
481 4040 656 4117 separatim
672 4039 774 4096 dicere
787 4037 917 4120 longum
933 4054 962 4095 st
979 4057 1245 4120 supervacaneum
1261 4057 1353 4100 esset.

367 4143 421 4203 Vel
440 4141 687 4201 Pomitsntialss
703 4145 845 4201 Psalmor
860 4143 1088 4220 interpretatus
1111 4159 1156 4200 est
1174 4157 1204 4200 st
1219 4163 1358 4222 compen·

364 4236 502 4324 assisis„
