4260 5826
1093 680 1095 686 ¹
1181 645 1302 739 154

741 824 891 933 disque
926 824 1157 936 cogitaret,
1181 821 1318 934 utque
1354 850 1494 906 omnes
1522 797 1746 938 intellige·¹
1777 807 1780 813 ¹

740 995 835 1056 rent
861 971 970 1052 nihil
1001 974 1048 1052 in
1077 973 1129 1052 iis
1153 974 1286 1052 inesse
1313 971 1487 1068 falsum,
1515 971 1660 1054 fictum
1688 994 1732 1056 et

708 1089 711 1098 ¹
740 1119 1010 1216 simulatum,
1047 1149 1123 1202 sua
1152 1121 1245 1230 ipsa
1269 1122 1377 1204 vitia
1416 1120 1557 1231 palam
1594 1120 1734 1202 facere

738 1271 908 1348 minime
934 1270 1171 1391 dubitavit).
1199 1269 1374 1380 Itaque,
1392 1271 1425 1348 si
1451 1267 1662 1363 voles‚-in
1681 1295 1731 1347 eo

740 1417 1044 1527 reprehendes,
1065 1417 1187 1526 'quod
1211 1417 1426 1500 interdurn
1450 1443 1493 1496 sc
1516 1413 1735 1527 magnifice

737 1567 962 1646 iactaverit
981 1587 1111 1674 atque
1123 1564 1547 1675 ostentaverit,quod
1565 1584 1733 1650 tantum

738 1741 824 1794 non
861 1715 1144 1822 impertiverit
1176 1713 1309 1794 Danti
1340 1713 1503 1808 laudis,
1527 1731 1735 1820 quantum

737 1883 930 1970 parerat
966 1861 1018 1940 ad
1043 1861 1260 1944 vitandam
1286 1861 1476 1944 invidiae
1503 1857 1735 1969 reprehen-
1770 1909 1774 1918 -

738 2010 921 2104 aionem,
945 2009 1064 2117 quod
1088 2010 1134 2088 in
1171 2009 1385 2116 frequenti
1420 2005 1733 2088 domiciliorum

733 2159 968 2238 mutatione
1007 2156 1333 2236 inconstantiam
1369 2154 1597 2264 quamdam
1629 2182 1731 2262 prae

737 2331 778 2382 se
804 2304 978 2399 tulerit,
1004 2303 1118 2410 quod
1154 2305 1201 2383 in
1237 2301 1493 2413 castigandis
1517 2301 1732 2384 hominum

734 2450 930 2530 stultitiis
943 2471 1075 2557 atquc
1088 2451 1263 2558 ineptiis
1282 2447 1498 2528 stomacho
1516 2474 1641 2556 saepe
1652 2451 1732 2528 ira·

646 2589 650 2598 ‘
733 2597 975 2704 cundiaque
1000 2596 1294 2680 vehementius
1320 2591 1590 2692 efferbuerit,
1615 2593 1731 2703 quod

620 2831 623 2837 ,
733 2747 874 2826 studia
888 2745 1232 2856 cupiditatesque
1250 2742 1476 2840 honorum,
1489 2744 1565 2852 qui
1586 2771 1610 2822 a
1629 2740 1731 2822 Pon·

732 2890 918 2974 tificibus
944 2891 1144 2972 Romania
1168 2891 1262 2972 dari
1277 2895 1511 2999 poterant,
1536 2915 1662 2970 senex
1688 2917 1729 2969 a·

732 3035 943 3135 luerit-(¹),
968 3040 1086 3147 quod
1111 3037 1352 3124 adolescens
1376 3037 1554 3118 meliora
1579 3038 1732 3145 proba·-

734 3252 993 3274 mssmsl
997 3251 1236 3274 ΟΟΟΜΝΟ
1531 3247 1731 3269 ΙΟῸΜΝ

792 3331 838 3410 (1)
855 3332 954 3406 Queri
977 3332 1170 3410 pracsertim
1194 3331 1320 3388 ridetur
1332 3331 1371 3386 de
1393 3329 1515 3388 mom
1537 3331 1581 3395 V,
1595 3325 1679 3406 quod
1694 3327 1732 3384 dc

728 3454 765 3496 sc
782 3433 878 3510 deque
893 3452 953 3490 sua
965 3435 1074 3514 pluria
1090 3433 1222 3492 minime
1237 3433 1404 3512 cogitarat.
1421 3437 1471 3489 De
1486 3432 1643 3490 Clemente
1661 3429 1731 3508 qui·

734 3538 803 3614 dem
824 3536 898 3594 haec
919 3506 956 3594 in
984 3537 1126 3616 epistola.
1142 3563 1146 3572 ⁴
1172 3537 1215 3594 ad
1231 3535 1434 3595 Franciscum
1451 3539 1597 3594 Brittium
1619 3552 1734 3590 memo·

733 3640 802 3699 rice
817 3641 998 3700 mandavit.
1018 3648 1097 3704 Cum
1113 3644 1163 3702 sui
1186 3643 1291 3722 gratia
1315 3641 1471 3709 officinm,
1487 3639 1573 3717 quod
1588 3651 1626 3696 tu
1641 3655 1728 3696 nunc

733 3743 895 3803 industrie
906 3747 988 3822 geris
1005 3744 1194 3822 (secretarii
1203 3743 1351 3802 videlicet
1362 3742 1458 3801 Ponti
1454 3741 1533 3821 ficii
1540 3741 1556 3818 )
1564 3779 1574 3808 ,
1586 3739 1668 3799 mihi
1679 3737 1733 3797 ob-

733 3846 880 3917 tulisset,
898 3848 1002 3925 quod,
1018 3867 1070 3907 me
1084 3849 1231 3919 nolente,
1242 3861 1320 3907 tunc
1338 3847 1457 3906 habuit
1472 3843 1626 3923 magister
1635 3845 1730 3900 Fran·

734 3949 835 4008 ciscm
850 3949 889 4006 de
905 3947 1059 4028 Neapoli,
1075 3962 1108 4008 et
1122 3947 1242 4008 deiude
1255 3969 1307 4008 me
1321 3967 1432 4027 saepe,
1448 3948 1526 4007 licet
1539 3945 1728 4024 indignum,

664 4044 684 4094 ll
734 4050 927 4131 Episcopum
943 4051 1050 4112 facere
1065 4051 1239 4124 voluisset,
1261 4065 1294 4112 et
1317 4071 1394 4134 ego,
1410 4049 1656 4130 indignantibus
1671 4046 1731 4104 do-

734 4152 878 4211 minitat
893 4155 1026 4224 amicis,
1041 4155 1194 4214 continue
1208 4173 1425 4226 recusassem,
1440 4153 1559 4214 ultimo
1581 4149 1663 4210 mihi
1678 4148 1730 4204 di·-

735 4254 802 4314 xit:
818 4259 892 4314 Pete
907 4255 994 4334 quod
1010 4258 1079 4331 vis,
1094 4257 1261 4316 etfaciam
1277 4256 1357 4316 tibi.
