4260 5826
804 663 914 751 J5J

359 845 594 927 termissum
611 869 832 942 renovare,
844 865 886 924 et
908 843 960 922 ad
975 837 1238 923 Graecorum
1255 869 1349 950 poe-

361 1009 523 1086 tarum,
540 993 616 1098 qui
636 990 720 1070 alia
738 991 921 1099 quadam
945 990 1091 1101 lingua
1110 989 1244 1070 locuti
1264 1016 1349 1068 esse

357 1135 579 1233 videntur,
598 1159 821 1248 penetrare
845 1165 1008 1218 sensum
1029 1158 1250 1247 potuerat3
1278 1136 1351 1215 sed

359 1283 525 1364 obstitit
558 1287 649 1363 eius
684 1285 968 1366 inconstantia
1004 1307 1045 1365 et
1073 1284 1248 1377 levitas,
1275 1282 1353 1361 ad*

358 1428 601 1510 dam'etiam
621 1433 883 1541 arrogantia,
898 1457 1078 1538 cumque
1099 1429 1351 1541 Byzantium

358 1576 576 1672 rediisset,
598 1605 684 1656 non
706 1579 817 1658 tanti
837 1577 1011 1657 fuerunt
1038 1575 1154 1655 illius
1179 1577 1353 1670 merita,

356 1745 403 1802 ut
425 1723 655 1804 Petrarcba
675 1725 1062 1834 adducipotuerit,
1084 1723 1354 1832 quemadmo-

357 1869 457 1948 dum
482 1871 753 1960 vehementer
779 1872 1030 1982 rogabatur,
1057 1871 1112 1949 ad
1143 1871 1264 1950 illum
1293 1900 1357 1948 re-

355 2018 610 2096 vocandum.
631 2017 781 2097 Itineri
794 2039 988 2098 tamense
1001 2019 1353 2113 commisit,cum'·

355 2189 449 2271 que'
468 2165 734 2247 Adriaticum
759 2193 873 2245 mare
899 2169 983 2245 iam
1008 2169 1242 2277 attigisset,
1268 2163 1355 2244 ful-

354 2315 598 2394 mineictus
617 2341 681 2392 an.
702 2337 913 2393 noconxv
931 2314 1065 2393 vitam
1086 2313 1242 2390 amisit.
1261 2308 1353 2388 Hoc

354 2457 406 2538 de
426 2485 525 2536 casu
542 2487 639 2536 cum
664 2458 869 2536 scriberet
888 2455 1137 2537 Franciscus
1157 2458 1210 2536 ad
1231 2456 1354 2537 Ioan-

355 2631 449 2682 nem
462 2601 712 2686 Boceatium
724 2609 822 2712 ‚qui
841 2607 979 2712 ipsum
994 2603 1224 2683 Leontium
1236 2631 1354 2712 prae-

355 2771 569 2858 ceptorem
592 2750 830 2844 habuerat,
856 2777 906 2828 ea
933 2749 986 2828 de
1011 2748 1139 2829 huius
1165 2752 1352 2830 moribus

350 2899 521 3007 tetigit,
546 2919 595 2976 ut
628 2897 740 2976 nihil
775 2897 851 2976 illo
876 2899 1091 2992 miserius,
1117 2925 1193 2978 sua
1217 2901 1349 3008 magis

352 3068 481 3149 quarn
500 3043 698 3124 fortunae
717 3045 866 3153 culpa,
888 3045 1013 3126 fuisse
1033 3046 1251 3126 videatur.
1273 3045 1351 3124 Be-

352 3217 404 3268 ne
430 3192 542 3267 enim
567 3191 751 3271 dictum:
787 3218 904 3270 suam
929 3195 1087 3300 cuique
1112 3221 1245 3272 mores
1269 3191 1351 3272 fin-

350 3355 455 3445 gunt
471 3335 703 3424 fortunam.
725 3333 876 3414 Studia
894 3337 1146 3418 Petrarchae
1166 3365 1264 3450 erga
1283 3341 1350 3420 lit·
1468 3361 1471 3387 ¹

291 3523 300 3546 ·
350 3502 461 3560 teras
487 3481 638 3592 grandi
658 3481 831 3563 foenore
851 3505 893 3564 et
918 3484 1135 3566 fructuosa
1156 3485 1348 3566 fereban-

351 3614 444 3724 tur,
456 3631 559 3736 quia
577 3633 961 3712 commonstrabant
978 3633 1111 3728 viam,
1123 3663 1201 3743 per
1218 3662 1345 3742 quam

348 3773 533 3880 quilibet
558 3805 607 3856 eo
633 3780 857 3885 pervenire
882 3801 1044 3886 posset,
1070 3781 1184 3860 unde
1213 3785 1345 3862 omnis

349 3920 592 4027 praeclarae
620 3926 722 4002 artis
746 3927 924 4006 scientia
950 3925 1161 4006 dimanat.
1188 3925 1230 4006 Si
1255 3928 1345 4010 fieri

349 4068 575 4174 potuisset,
595 4067 665 4146 vel
684 4069 828 4177 plures
853 4097 894 4148 se
920 4073 1078 4152 animos
1096 4071 1254 4152 habere
1279 4104 1348 4157 vo-

347 4211 519 4310 luisset,
544 4244 650 4325 quos
676 4246 818 4300 omnes
852 4219 1093 4302 intenderet
1121 4223 1175 4302 ad
1205 4219 1345 4302 homi-
