4260 5826
1223 613 1335 685 112

784 785 939 884 Vallis,
966 792 1041 871 ubi
1069 811 1184 872 totus
1209 813 1299 873 erat
1326 795 1371 872 in
1400 793 1582 916 lectione
1606 792 1671 874 SS.
1693 793 1777 874 Pa-

781 956 918 1034 trum,
944 938 1270 1050 divinorumque
1304 941 1532 1039 librorum,
1558 972 1588 1022 ‘a
1618 943 1775 1051 quibus

781 1112 871 1164 eam
894 1087 1421 1196 sapientiamquaerebat,
1439 1118 1567 1198 quam
1586 1093 1662 1199 qui
1687 1118 1777 1200 pos·

779 1232 907 1329 sidet,
928 1237 1076 1342 quieto
1097 1239 1236 1316 animo
1255 1257 1336 1332 est,
1354 1259 1403 1318 ut
1421 1267 1561 1346 neque
1581 1238 1772 1320 tabescat

777 1381 1001 1480 molestiis,
1026 1409 1166 1493 neque
1186 1372 1405 1496 frangatur
1422 1388 1600 1483 timore,
1625 1413 1704 1466 nec
1724 1387 1773 1464 si·

776 1530 936 1610 tienter
969 1533 1076 1640 quid
1119 1555 1322 1643 appetens
1358 1534 1502 1615 ardeat
1539 1534 1771 1627 desiderio,

780 1707 857 1758 nec
888 1678 1111 1761 alacritate
1136 1677 1253 1762 futili
1283 1685 1464 1794 gestiens
1489 1683 1770 1789 deliquescat.

780 1821 918 1925 Quam
943 1827 1092 1908 intime
1112 1829 1300 1935 percitus
1325 1850 1431 1909 esset
1456 1827 1662 1940 religiosis
1687 1853 1771 1905 sen-

778 1971 895 2050 sibus
919 1972 1137 2054 declarant
1165 1973 1266 2054 libri
1290 1973 1341 2054 de
1365 1973 1555 2056 solitaria
1577 1976 1688 2061 vita,
1707 1969 1775 2052 de·

700 2147 701 2150 ‘
776 2144 851 2227 que
868 2119 1168 2232 Religiosorum
1189 2125 1295 2215 otio,
1313 2126 1365 2204 de
1385 2125 1542 2231 quibus
1564 2150 1692 2233 supra
1713 2121 1787 2200 di·¹

778 2269 933 2363 ximus‚
952 2296 1145 2377 quosque
1162 2270 1227 2350 bis
1247 2271 1510 2382 temporibus
1531 2271 1742 2350 exaravit.

1176 2531 1375 2608 XXVII.

850 2713 1014 2808 Animi,
1033 2739 1120 2794 non
1140 2739 1275 2821 aeque
1295 2714 1501 2822 corporis,
1522 2709 1771 2790 medicinam

776 2859 933 2938 habere
955 2859 1097 2940 aiebat
1119 2861 1324 2966 quasdam
1349 2887 1489 2940 errare
1507 2886 1593 2938 non
1611 2857 1774 2964 patien-

777 3029 839 3087 tes
875 3010 988 3102 vias‚
1020 3007 1206 3114 dumque
1242 3006 1359 3086 illam
1393 3008 1578 3116 priorem
1614 3000 1771 3082 extulit

778 3175 905 3262 atque
943 3153 1168 3248 adhibuit,
1201 3153 1317 3233 illam
1354 3153 1529 3234 alteram
1561 3151 1772 3260 asperius,

776 3328 905 3409 quam
929 3303 993 3380 sui
1019 3301 1215 3380 sinebant
1242 3329 1399 3398 mores,
1426 3299 1678 3407 contempsit
1705 3316 1772 3374 at-

777 3474 861 3555 que
885 3443 1145 3560 'exagitavit
1173 3446 1295 3530 Hanc
1323 3446 1547 3528 arcendam
1576 3474 1600 3523 a
1625 3444 1773 3524 civita·

776 3594 891 3674 tibus
921 3595 1113 3704 exemplo
1138 3617 1329 3676 veterum
1361 3593 1656 3674 Romanorum·
1677 3617 1773 3668 con-

685 3825 688 3832 ,
777 3741 1005 3834 tendebat3
1029 3744 1074 3820 in
1094 3740 1176 3822 boc
1202 3765 1289 3824 tarn
1314 3744 1466 3852 exiguo
1486 3761 1657 3848 tamque
1679 3736 1773 3814 bre-

777 3889 820 3970 vi
833 3889 955 3969 'vitae
975 3888 1188 3968 curriculo
1206 3890 1376 3968 minime
1396 3914 1464 3968 eos
1482 3884 1675 3966 ferendos
1692 3885 1769 3990 qui
1813 3931 1818 3938 -

662 4099 665 4106 ⁴
777 4056 976 4132 mortem,
1001 4063 1112 4144 quae
1142 4058 1322 4118 naturae
1351 4037 1560 4130 debetur,
1585 4033 1769 4113 omniurn

650 4291 653 4296 Ι
777 4179 1047 4264 fallacissima
1083 4206 1172 4265 arte
1207 4183 1467 4264 accelerant:
1493 4179 1774 4264 miserandos·-
