4260 5826
794 641 912 737 135

359 854 444 928 set,
474 851 524 912 ut
548 847 687 940 posset
711 845 914 936 tanquam
938 827 983 903 in
1009 821 1178 934 speculo
1206 825 1348 906 virtu-

357 1005 419 1066 tes
442 977 602 1061 intueri
628 1001 741 1056 suas.
769 971 953 1056 Tantum
976 972 1148 1055 dolebat
1173 999 1349 1084 perpau-

356 1155 450 1223 cos,
474 1129 552 1235 qui
571 1127 612 1206 ei
630 1122 782 1204 similes
800 1143 959 1219 essent,
978 1123 1187 1218 inveniri,
1205 1121 1345 1204 nullos

353 1303 478 1371 vero,
496 1276 595 1381 qui,
615 1271 715 1354 dum
733 1295 972 1381 oppressam
990 1270 1198 1351 dedecore
1217 1289 1260 1350 et
1280 1271 1350 1347 in-

354 1422 484 1502 famia
508 1418 790 1502 intuebantur
815 1417 1010 1513 Italiam,
1043 1417 1249 1524 adquam
1274 1445 1350 1496 ve-

358 1589 497 1651 terum
537 1566 818 1648 Romanorum
861 1565 1073 1647 hereditas
1114 1563 1271 1676 gloriae
1307 1583 1349 1644 et

359 1715 568 1797 factorum
592 1717 777 1798 imitatio
801 1717 1015 1826 pertinere
1041 1711 1234 1809 videtur,
1259 1737 1350 1792 eam

353 1889 382 1942 n
399 1889 542 1942 somno
560 1865 817 1944 excitarent.
844 1861 952 1944 Cum
972 1880 1218 1974 argumenta
1236 1885 1352 1940 caus-

354 2037 518 2105 sarum,
537 2037 648 2118 quae
672 2031 737 2092 tot
760 2009 871 2091 mala
895 2029 1149 2121 pepererant
1175 2007 1351 2104 Italiae,

356 2155 601 2268 colligeret,
634 2183 769 2265 eaque
796 2156 849 2237 ad
875 2159 1041 2242 amicos.
1056 2155 1242 2236 scribens
1265 2181 1352 2234 non

356 2304 490 2385 solum
508 2333 754 2404 numerare,
773 2306 845 2386 sed
864 2307 993 2387 etiam
1009 2305 1272 2417 perpendere
1292 2327 1354 2382 so·

355 2449 481 2548 leret,
498 2452 563 2530 his
584 2453 713 2532 ferme
733 2453 875 2536 verbis
893 2453 1126 2561 aliquando
1145 2451 1354 2533 exclama·

356 2599 442 2678 vit.
477 2597 634 2680 Tacere
659 2598 775 2680 haud
801 2627 990 2710 possum,
1026 2598 1099 2680 sed
1123 2627 1250 2707 quem
1275 2623 1355 2706 ap-

357 2743 553 2853 pellabo,
588 2773 715 2855 quem
741 2748 1012 2845 obtestabor,
1046 2773 1173 2855 quem
1198 2743 1355 2854 implo-
1453 2825 1457 2834 .

357 2887 492 2972 rabo?
525 2891 663 2992 Tene,
690 2891 844 2991 Brute,
873 2895 1089 2976 libertatis
1113 2913 1156 2976 et
1181 2891 1356 3004 pudici-

359 3035 444 3118 tiae
468 3042 706 3138 vindicem,
726 3064 849 3140 tene,
867 3040 1070 3140 Camille,
1088 3043 1165 3152 qui
1184 3061 1354 3151 captam

356 3188 538 3292 patriam
574 3190 850 3301 transalpinis
879 3189 1074 3272 hostibus
1098 3188 1278 3302 gloriose
1305 3217 1355 3266 a·

358 3330 438 3411 deo
469 3333 683 3434 liberasti,
726 3359 774 3418 ut
809 3339 1017 3419 secundus
1050 3337 1246 3418 eonditor
1260 3332 1356 3412 -Vr-

358 3477 422 3557 bis
447 3477 580 3560 Roma
596 3483 844 3581 edicereris,
868 3506 993 3581 tene,
1012 3483 1179 3595 Scipio,
1203 3483 1354 3563 ferocis

359 3620 582 3708 Annibalis
610 3633 839 3728 victorem,
865 3653 988 3728 tene,
1014 3629 1189 3726 Aemili,
1214 3625 1357 3708 Maee-

358 3768 535 3866 donum,
569 3795 692 3872 tene,
718 3775 917 3887 Pompei,
951 3777 1203 3860 Parthorum
1227 3775 1359 3854 domi-

359 3914 521 3996 torem?
546 3917 627 4000 Sed
651 3951 747 4019 ros,
774 3929 939 4008 animae
963 3928 1166 4040 grandes,
1191 3922 1253 4004 nil
1277 3949 1356 4002 no-

358 4062 423 4142 bis
449 4063 704 4174 reliquistis,
740 4073 822 4152 nisi
856 4075 1112 4156 desiderium
1145 4093 1355 4162 vestrum,

361 4229 403 4288 et
437 4212 682 4292 memoriam
716 4217 924 4299 factorum
957 4222 1212 4312 illustrium,
1245 4241 1357 4322 quae
