4254 5824
804 673 880 767 ⁷7

320 863 421 946 ‘hac
444 860 587 944 indole
606 859 779 947 virtutis
799 881 843 940 et
864 855 1178 946 continentiae,
1198 873 1244 937 nt
1270 881 1334 943 re·

229 1003 235 1010 ’
346 1029 517 1120 spueret
551 1032 692 1090 omnes
727 1005 993 1114 voluptates.
1037 999 1187 1084 Doluit
1229 1000 1334 1088 adeo

345 1153 594 1250 Franciscue
623 1151 740 1262 quod
769 1153 878 1249 tanti
913 1151 1036 1246 amici
1061 1147 1343 1240 consuetudi:

348 1333 401 1384 ne
426 1303 510 1384 frui
536 1303 617 1390 sibi
645 1299 824 1411 amplius
847 1297 1130 1396 nonliceret,
1153 1319 1201 1379 nt
1227 1297 1342 1407 perir.

348 1450 536 1532 culosum
559 1453 605 1530 in
628 1447 819 1536 morbum
844 1446 1063 1528 inciderit.

708 1684 712 1692 .
780 1653 1012 1838 {IX{c·

355 1959 368 1970 .
437 1832 714 1986 &demisere
750 1909 939 1999 tempore
965 1887 1132 1982 audivit
1157 1883 1345 1978 Lomba-

350 2041 529 2122 rientem
573 2041 819 2148 episcopum
858 2036 1054 2147 ‘granitec
1105 2055 1346 2146 aegrotare,

349 2213 476 2295 quem
500 2189 545 2266 in
571 2213 712 2266 somno
736 2183 881 2266 videre
908 2184 988 2263 sibi
1014 2185 1127 2269 visus
1147 2202 1209 2264 est
1235 2185 1348 2262 rivu-

348 2331 438 2412 lum
454 2333 570 2416 horti
593 2335 656 2414 sui
676 2333 1230 2440 transeuntem,‚ipsumque
1251 2358 1345 2412 cum
1385 2313 1389 2320 ¹

349 2480 649 2591 interrogasset
683 2507 769 2586 quo
797 2499 1023 2588 ¹pergeret,
1060 2476 1257 2572 Romam,
1283 2505 1348 2556 re-

269 2671 276 2686 ·
349 2622 547 2736 spondit,
572 2625 673 2708 nolo
698 2647 742 2708 te
763 2627 961 2711 comitem
984 2625 1148 2704 itineris
1173 2622 1345 2704 habere.

351 2769 459 2852 Tum
495 2775 698 2854 coniectis
732 2775 777 2854 in
811 2801 908 2855 eum
942 2770 1093 2867 oculis,
1127 2769 1346 2863 cohorruit

354 2919 471 3028 quoti
497 2949 549 3000 ex
571 2919 715 3002 vultus
740 2917 900 3028 pallore
925 2938 1139 3010 mortuum
1165 2945 1250 2998 esse
1278 2946 1348 2997 co·
1388 2931 1391 2938 “

354 3073 523 3180 gnov'rt.
550 3066 693 3150 Vitam
718 3067 894 3174 quidem
918 3067 1056 3158 amicit
1078 3095 1129 3146 ea
1151 3069 1244 3175 ipse
1267 3094 1349 3146 no-

352 3233 420 3343 cte¹
438 3239 526 3322 qna
547 3239 588 3294 te
606 3213 862 3299 Petrarchae
881 3215 1089 3308 ostendit,
1108 3241 1195 3320 qua
1214 3211 1267 3295 dc
1289 3215 1349 3292 ia·

353 3383 476 3458 ctura
501 3390 596 3458 cum
622 3359 675 3442 ad
707 3358 904 3442 Laelium
928 3360 1155 3456 scriberet,
1179 3361 1347 3468 inquit,

354 3511 493 3593 virum
511 3509 740 3606 amisimus,
752 3510 828 3616 qui
846 3536 932 3590 non
950 3506 1165 3602 dominus,
1185 3506 1257 3586 sed
1275 3535 1346 3616 pa·

353 3677 419 3736 ter
437 3657 559 3740 nobis
579 3675 689 3755 erat,
709 3656 876 3764 patriae
895 3653 1057 3748 lumen,
1076 3651 1262 3752 familiae
1281 3681 1348 3734 coe

351 3802 518 3898 lumen,
549 3803 789 3887 litterarum
826 3801 1063 3885 cultoribus
1097 3821 1248 3910 portus
1278 3822 1347 3889 at·-

355 3973 440 4058 quc
474 3948 937 4061 perfugiumcunctis
962 3978 1062 4031 vero
1095 3948 1347 4066 modestiae,

355 4096 687 4205 temperantiae,
711 4096 1230 4202 liberalitatiejomnisque
1256 4097 1347 4176 vir-

356 4243 464 4334 tutis
488 4240 744 4352 exemplum.
778 4240 845 4322 Ab
874 4269 923 4369 eo
947 4263 1098 4339 auctus
1125 4243 1350 4322 canonica,
