<?xml version="1.0" encoding="UTF-8"?>
<!DOCTYPE html PUBLIC "-//W3C//DTD XHTML 1.0 Transitional//EN"
    "http://www.w3.org/TR/xhtml1/DTD/xhtml1-transitional.dtd">
<html xmlns="http://www.w3.org/1999/xhtml" xml:lang="en" lang="en">
 <head>
  <title>
</title>
<meta http-equiv="Content-Type" content="text/html;charset=utf-8" />
  <meta name='ocr-system' content='tesseract 3.04.00' />
  <meta name='ocr-capabilities' content='ocr_page ocr_carea ocr_par ocr_line ocrx_word'/>
</head>
<body>
  <div class='ocr_page' id='page_1' title='image "./franciscipetrar00fabrgoog_0079.png"; bbox 0 0 4254 5824; ppageno 0'>
   <div class='ocr_carea' id='block_1_1' title="bbox 1266 615 1339 705">
    <p class='ocr_par' dir='ltr' id='par_1_1' title="bbox 1266 615 1339 705">
     <span class='ocr_line' id='line_1_1' title="bbox 1266 615 1339 705; baseline 0.014 -1"><span class='ocrx_word' id='word_1_1' title='bbox 1266 615 1339 705; x_wconf 73' lang='lat'><strong>62</strong></span> 
     </span>
    </p>
   </div>
   <div class='ocr_carea' id='block_1_2' title="bbox 1239 919 1363 996">
    <p class='ocr_par' dir='ltr' id='par_1_2' title="bbox 1239 919 1363 996">
     <span class='ocr_line' id='line_1_2' title="bbox 1239 919 1363 996; baseline -0.04 0"><span class='ocrx_word' id='word_1_2' title='bbox 1239 919 1363 996; x_wconf 87' lang='lat' dir='ltr'>XVI.</span> 
     </span>
    </p>
   </div>
   <div class='ocr_carea' id='block_1_3' title="bbox 717 1107 1910 4160">
    <p class='ocr_par' dir='ltr' id='par_1_3' title="bbox 717 1107 1910 4160">
     <span class='ocr_line' id='line_1_3' title="bbox 884 1107 1796 1218; baseline 0.003 -30"><span class='ocrx_word' id='word_1_3' title='bbox 884 1107 1022 1210; x_wconf 87' lang='lat' dir='ltr'><strong>Quam</strong></span> <span class='ocrx_word' id='word_1_4' title='bbox 1047 1107 1179 1190; x_wconf 88' lang='lat' dir='ltr'><strong>durae</strong></span> <span class='ocrx_word' id='word_1_5' title='bbox 1204 1111 1288 1188; x_wconf 88' lang='lat' dir='ltr'><strong>sint</strong></span> <span class='ocrx_word' id='word_1_6' title='bbox 1316 1107 1535 1206; x_wconf 80' lang='lat' dir='ltr'><strong>dominae,</strong></span> <span class='ocrx_word' id='word_1_7' title='bbox 1560 1135 1689 1218; x_wconf 86' lang='lat' dir='ltr'><strong>quam</strong></span> <span class='ocrx_word' id='word_1_8' title='bbox 1715 1117 1796 1192; x_wconf 87' lang='lat' dir='ltr'><strong>im-</strong></span> 
     </span>
     <span class='ocr_line' id='line_1_4' title="bbox 802 1252 1796 1367; baseline 0.004 -31"><span class='ocrx_word' id='word_1_9' title='bbox 802 1257 1154 1367; x_wconf 84' lang='lat' dir='ltr'><strong>periosae,quam</strong></span> <span class='ocrx_word' id='word_1_10' title='bbox 1169 1252 1439 1338; x_wconf 87' lang='lat' dir='ltr'><strong>vehementes</strong></span> <span class='ocrx_word' id='word_1_11' title='bbox 1459 1259 1590 1338; x_wconf 82' lang='lat' dir='ltr'><strong>animi</strong></span> <span class='ocrx_word' id='word_1_12' title='bbox 1611 1255 1796 1342; x_wconf 82' lang='lat' dir='ltr'><strong>affectio·</strong></span> 
     </span>
     <span class='ocr_line' id='line_1_5' title="bbox 802 1402 1795 1516; baseline 0.005 -31"><span class='ocrx_word' id='word_1_13' title='bbox 802 1429 898 1499; x_wconf 80' lang='lat' dir='ltr'><strong>nes,</strong></span> <span class='ocrx_word' id='word_1_14' title='bbox 918 1402 1003 1483; x_wconf 85' lang='lat' dir='ltr'><strong>alio</strong></span> <span class='ocrx_word' id='word_1_15' title='bbox 1022 1429 1195 1511; x_wconf 91' lang='lat' dir='ltr'><strong>quoque</strong></span> <span class='ocrx_word' id='word_1_16' title='bbox 1214 1406 1372 1514; x_wconf 86' lang='lat' dir='ltr'><strong>scripto</strong></span> <span class='ocrx_word' id='word_1_17' title='bbox 1396 1404 1658 1504; x_wconf 77' lang='lat' dir='ltr'><strong>declaravit,</strong></span> <span class='ocrx_word' id='word_1_18' title='bbox 1677 1407 1795 1516; x_wconf 90' lang='lat' dir='ltr'><strong>quod</strong></span> 
     </span>
     <span class='ocr_line' id='line_1_6' title="bbox 803 1547 1797 1663; baseline 0.005 -33"><span class='ocrx_word' id='word_1_19' title='bbox 803 1574 957 1663; x_wconf 83' lang='lat' dir='ltr'><strong>rogatu</strong></span> <span class='ocrx_word' id='word_1_20' title='bbox 983 1547 1365 1633; x_wconf 80' lang='lat' dir='ltr'><strong>Canthusianorum</strong></span> <span class='ocrx_word' id='word_1_21' title='bbox 1389 1551 1718 1652; x_wconf 82' lang='lat' dir='ltr'><strong>Monachorum,</strong></span> <span class='ocrx_word' id='word_1_22' title='bbox 1744 1557 1797 1636; x_wconf 87' lang='lat' dir='ltr'><strong>ad</strong></span> 
     </span>
     <span class='ocr_line' id='line_1_7' title="bbox 801 1700 1797 1820; baseline 0.005 -41"><span class='ocrx_word' id='word_1_23' title='bbox 801 1725 908 1806; x_wconf 90' lang='lat' dir='ltr'><strong>quos</strong></span> <span class='ocrx_word' id='word_1_24' title='bbox 932 1719 1109 1780; x_wconf 79' lang='lat' dir='ltr'><strong>venerat</strong></span> <span class='ocrx_word' id='word_1_25' title='bbox 1137 1700 1281 1781; x_wconf 85' lang='lat' dir='ltr'><strong>fratris</strong></span> <span class='ocrx_word' id='word_1_26' title='bbox 1307 1701 1473 1782; x_wconf 87' lang='lat' dir='ltr'><strong>visendi</strong></span> <span class='ocrx_word' id='word_1_27' title='bbox 1508 1705 1669 1820; x_wconf 69' lang='lat' dir='ltr'><strong>gratia,</strong></span> <span class='ocrx_word' id='word_1_28' title='bbox 1694 1728 1797 1784; x_wconf 82' lang='lat' dir='ltr'><strong>ena·</strong></span> 
     </span>
     <span class='ocr_line' id='line_1_8' title="bbox 801 1844 1800 1950; baseline 0.009 -26"><span class='ocrx_word' id='word_1_29' title='bbox 801 1849 934 1928; x_wconf 85' lang='lat' dir='ltr'><strong>ravit.</strong></span> <span class='ocrx_word' id='word_1_30' title='bbox 962 1844 1075 1947; x_wconf 86' lang='lat' dir='ltr'><strong>Quia</strong></span> <span class='ocrx_word' id='word_1_31' title='bbox 1094 1869 1249 1930; x_wconf 88' lang='lat' dir='ltr'><strong>natura</strong></span> <span class='ocrx_word' id='word_1_32' title='bbox 1273 1846 1384 1928; x_wconf 92' lang='lat' dir='ltr'><strong>nihil</strong></span> <span class='ocrx_word' id='word_1_33' title='bbox 1410 1847 1648 1930; x_wconf 84' lang='lat' dir='ltr'><strong>solitarium</strong></span> <span class='ocrx_word' id='word_1_34' title='bbox 1672 1873 1800 1950; x_wconf 62' lang='lat' dir='ltr'><strong>amat„</strong></span> 
     </span>
     <span class='ocr_line' id='line_1_9' title="bbox 804 1995 1800 2108; baseline 0.007 -36"><span class='ocrx_word' id='word_1_35' title='bbox 804 2013 846 2074; x_wconf 92' lang='lat' dir='ltr'><strong>et</strong></span> <span class='ocrx_word' id='word_1_36' title='bbox 866 1995 1091 2105; x_wconf 80' lang='lat' dir='ltr'><strong>quia‚quo</strong></span> <span class='ocrx_word' id='word_1_37' title='bbox 1111 1995 1365 2078; x_wconf 86' lang='lat' dir='ltr'>arctioribus</span> <span class='ocrx_word' id='word_1_38' title='bbox 1385 1995 1693 2108; x_wconf 82' lang='lat' dir='ltr'><strong>constringitur</strong></span> <span class='ocrx_word' id='word_1_39' title='bbox 1712 2001 1800 2081; x_wconf 89' lang='lat' dir='ltr'><strong>vin·</strong></span> 
     </span>
     <span class='ocr_line' id='line_1_10' title="bbox 802 2142 1799 2256; baseline 0.004 -36"><span class='ocrx_word' id='word_1_40' title='bbox 802 2142 927 2238; x_wconf 81' lang='lat' dir='ltr'><strong>culis,</strong></span> <span class='ocrx_word' id='word_1_41' title='bbox 947 2173 996 2223; x_wconf 90' lang='lat' dir='ltr'><strong>eo</strong></span> <span class='ocrx_word' id='word_1_42' title='bbox 1015 2147 1144 2256; x_wconf 83' lang='lat' dir='ltr'><strong>tnagis</strong></span> <span class='ocrx_word' id='word_1_43' title='bbox 1163 2148 1230 2225; x_wconf 88' lang='lat' dir='ltr'><strong>ius</strong></span> <span class='ocrx_word' id='word_1_44' title='bbox 1252 2172 1373 2224; x_wconf 89' lang='lat' dir='ltr'><strong>suum</strong></span> <span class='ocrx_word' id='word_1_45' title='bbox 1388 2165 1560 2226; x_wconf 85' lang='lat' dir='ltr'>exercet</span> <span class='ocrx_word' id='word_1_46' title='bbox 1577 2146 1625 2224; x_wconf 94' lang='lat' dir='ltr'><strong>in</strong></span> <span class='ocrx_word' id='word_1_47' title='bbox 1642 2145 1799 2226; x_wconf 85' lang='lat' dir='ltr'><strong>inllanr·</strong></span> 
     </span>
     <span class='ocr_line' id='line_1_11' title="bbox 801 2290 1910 2404; baseline 0.004 -35"><span class='ocrx_word' id='word_1_48' title='bbox 801 2291 966 2370; x_wconf 85' lang='lat' dir='ltr'><strong>mandis</strong></span> <span class='ocrx_word' id='word_1_49' title='bbox 993 2294 1121 2371; x_wconf 90' lang='lat' dir='ltr'><strong>animi</strong></span> <span class='ocrx_word' id='word_1_50' title='bbox 1147 2290 1486 2400; x_wconf 84' lang='lat' dir='ltr'><strong>cupiditatibus,</strong></span> <span class='ocrx_word' id='word_1_51' title='bbox 1508 2290 1614 2372; x_wconf 71' lang='lat' dir='ltr'><strong>inde,</strong></span> <span class='ocrx_word' id='word_1_52' title='bbox 1634 2291 1796 2404; x_wconf 85' lang='lat' dir='ltr'><strong>colligit</strong></span> <span class='ocrx_word' id='word_1_53' title='bbox 1904 2349 1910 2358; x_wconf 43' lang='grc' dir='ltr'>ι</span> 
     </span>
     <span class='ocr_line' id='line_1_12' title="bbox 805 2435 1800 2546; baseline 0.002 -32"><span class='ocrx_word' id='word_1_54' title='bbox 805 2435 959 2515; x_wconf 90' lang='lat' dir='ltr'><strong>multas</strong></span> <span class='ocrx_word' id='word_1_55' title='bbox 985 2436 1226 2516; x_wconf 87' lang='lat' dir='ltr'><strong>subeundas</strong></span> <span class='ocrx_word' id='word_1_56' title='bbox 1243 2462 1329 2516; x_wconf 88' lang='lat' dir='ltr'><strong>esse</strong></span> <span class='ocrx_word' id='word_1_57' title='bbox 1349 2436 1642 2516; x_wconf 86' lang='lat' dir='ltr'><strong>dimicationes</strong></span> <span class='ocrx_word' id='word_1_58' title='bbox 1654 2439 1706 2517; x_wconf 92' lang='lat' dir='ltr'><strong>iis</strong></span> <span class='ocrx_word' id='word_1_59' title='bbox 1723 2441 1800 2546; x_wconf 90' lang='lat' dir='ltr'><strong>qui</strong></span> 
     </span>
     <span class='ocr_line' id='line_1_13' title="bbox 804 2579 1799 2664; baseline 0.005 -5"><span class='ocrx_word' id='word_1_60' title='bbox 804 2579 856 2659; x_wconf 90' lang='lat' dir='ltr'><strong>de</strong></span> <span class='ocrx_word' id='word_1_61' title='bbox 880 2579 1099 2660; x_wconf 90' lang='lat' dir='ltr'><strong>hominurn</strong></span> <span class='ocrx_word' id='word_1_62' title='bbox 1124 2581 1253 2662; x_wconf 88' lang='lat' dir='ltr'><strong>turba</strong></span> <span class='ocrx_word' id='word_1_63' title='bbox 1277 2581 1322 2659; x_wconf 92' lang='lat' dir='ltr'><strong>in</strong></span> <span class='ocrx_word' id='word_1_64' title='bbox 1345 2579 1619 2662; x_wconf 89' lang='lat' dir='ltr'><strong>solitudinem</strong></span> <span class='ocrx_word' id='word_1_65' title='bbox 1644 2611 1686 2662; x_wconf 89' lang='lat' dir='ltr'><strong>se</strong></span> <span class='ocrx_word' id='word_1_66' title='bbox 1706 2611 1799 2664; x_wconf 91' lang='lat' dir='ltr'><strong>con·</strong></span> 
     </span>
     <span class='ocr_line' id='line_1_14' title="bbox 806 2726 1886 2839; baseline 0.004 -33"><span class='ocrx_word' id='word_1_67' title='bbox 806 2726 1023 2822; x_wconf 84' lang='lat' dir='ltr'><strong>tulerunt,</strong></span> <span class='ocrx_word' id='word_1_68' title='bbox 1043 2745 1092 2806; x_wconf 91' lang='lat' dir='ltr'><strong>ut</strong></span> <span class='ocrx_word' id='word_1_69' title='bbox 1112 2727 1228 2806; x_wconf 91' lang='lat' dir='ltr'><strong>illius</strong></span> <span class='ocrx_word' id='word_1_70' title='bbox 1245 2728 1471 2809; x_wconf 86' lang='lat' dir='ltr'><strong>conatibus</strong></span> <span class='ocrx_word' id='word_1_71' title='bbox 1489 2729 1681 2812; x_wconf 88' lang='lat' dir='ltr'><strong>resistere</strong></span> <span class='ocrx_word' id='word_1_72' title='bbox 1706 2758 1805 2839; x_wconf 51' lang='lat' dir='ltr'><strong>pos·¹</strong></span> <span class='ocrx_word' id='word_1_73' title='bbox 1884 2763 1886 2766; x_wconf 92' lang='lat'>·</span> 
     </span>
     <span class='ocr_line' id='line_1_15' title="bbox 803 2872 1798 2983; baseline 0.005 -31"><span class='ocrx_word' id='word_1_74' title='bbox 803 2875 903 2954; x_wconf 91' lang='lat' dir='ltr'><strong>sint.</strong></span> <span class='ocrx_word' id='word_1_75' title='bbox 931 2872 1169 2955; x_wconf 91' lang='lat' dir='ltr'><strong>Convenire</strong></span> <span class='ocrx_word' id='word_1_76' title='bbox 1195 2875 1239 2952; x_wconf 93' lang='lat' dir='ltr'><strong>id</strong></span> <span class='ocrx_word' id='word_1_77' title='bbox 1264 2903 1437 2983; x_wconf 86' lang='lat' dir='ltr'><strong>quoque</strong></span> <span class='ocrx_word' id='word_1_78' title='bbox 1463 2904 1628 2956; x_wconf 90' lang='lat' dir='ltr'><strong>necesse</strong></span> <span class='ocrx_word' id='word_1_79' title='bbox 1654 2879 1737 2971; x_wconf 85' lang='lat' dir='ltr'><strong>ait,</strong></span> <span class='ocrx_word' id='word_1_80' title='bbox 1757 2907 1798 2957; x_wconf 90' lang='lat' dir='ltr'><strong>a-</strong></span> 
     </span>
     <span class='ocr_line' id='line_1_16' title="bbox 804 3023 1798 3132; baseline 0.003 -31"><span class='ocrx_word' id='word_1_81' title='bbox 804 3024 957 3101; x_wconf 89' lang='lat' dir='ltr'><strong>criores</strong></span> <span class='ocrx_word' id='word_1_82' title='bbox 983 3047 1068 3100; x_wconf 90' lang='lat' dir='ltr'><strong>esse</strong></span> <span class='ocrx_word' id='word_1_83' title='bbox 1094 3047 1250 3101; x_wconf 91' lang='lat' dir='ltr'><strong>morsus</strong></span> <span class='ocrx_word' id='word_1_84' title='bbox 1285 3023 1549 3102; x_wconf 88' lang='lat' dir='ltr'><strong>intermissae</strong></span> <span class='ocrx_word' id='word_1_85' title='bbox 1581 3049 1710 3132; x_wconf 87' lang='lat' dir='ltr'><strong>quam</strong></span> <span class='ocrx_word' id='word_1_86' title='bbox 1740 3053 1798 3104; x_wconf 87' lang='lat' dir='ltr'><strong>re-</strong></span> 
     </span>
     <span class='ocr_line' id='line_1_17' title="bbox 804 3162 1796 3278; baseline 0.002 -32"><span class='ocrx_word' id='word_1_87' title='bbox 804 3187 948 3246; x_wconf 87' lang='lat' dir='ltr'><strong>tentae</strong></span> <span class='ocrx_word' id='word_1_88' title='bbox 975 3162 1213 3263; x_wconf 87' lang='lat' dir='ltr'><strong>libertatis,</strong></span> <span class='ocrx_word' id='word_1_89' title='bbox 1236 3191 1292 3246; x_wconf 85' lang='lat' dir='ltr'><strong>·ac</strong></span> <span class='ocrx_word' id='word_1_90' title='bbox 1319 3171 1560 3250; x_wconf 87' lang='lat' dir='ltr'><strong>memoriam</strong></span> <span class='ocrx_word' id='word_1_91' title='bbox 1591 3171 1796 3278; x_wconf 83' lang='lat' dir='ltr'><strong>praeteri-</strong></span> 
     </span>
     <span class='ocr_line' id='line_1_18' title="bbox 803 3313 1795 3426; baseline 0 -30"><span class='ocrx_word' id='word_1_92' title='bbox 803 3335 942 3396; x_wconf 88' lang='lat' dir='ltr'><strong>tarum</strong></span> <span class='ocrx_word' id='word_1_93' title='bbox 967 3313 1236 3426; x_wconf 88' lang='lat' dir='ltr'><strong>voluptatum</strong></span> <span class='ocrx_word' id='word_1_94' title='bbox 1262 3313 1618 3398; x_wconf 90' lang='lat' dir='ltr'><strong>vehementiorem</strong></span> <span class='ocrx_word' id='word_1_95' title='bbox 1643 3343 1729 3396; x_wconf 88' lang='lat' dir='ltr'><strong>esse</strong></span> <span class='ocrx_word' id='word_1_96' title='bbox 1750 3317 1795 3396; x_wconf 91' lang='lat' dir='ltr'><strong>in</strong></span> 
     </span>
     <span class='ocr_line' id='line_1_19' title="bbox 802 3462 1797 3573; baseline 0.002 -32"><span class='ocrx_word' id='word_1_97' title='bbox 802 3464 877 3557; x_wconf 86' lang='lat' dir='ltr'><strong>iis,</strong></span> <span class='ocrx_word' id='word_1_98' title='bbox 902 3463 1050 3570; x_wconf 90' lang='lat' dir='ltr'><strong>quiin</strong></span> <span class='ocrx_word' id='word_1_99' title='bbox 1074 3465 1163 3544; x_wconf 89' lang='lat' dir='ltr'><strong>otio</strong></span> <span class='ocrx_word' id='word_1_100' title='bbox 1189 3467 1367 3560; x_wconf 80' lang='lat' dir='ltr'><strong>vivunt,</strong></span> <span class='ocrx_word' id='word_1_101' title='bbox 1392 3465 1469 3573; x_wconf 88' lang='lat' dir='ltr'><strong>qui</strong></span> <span class='ocrx_word' id='word_1_102' title='bbox 1495 3466 1529 3544; x_wconf 90' lang='lat' dir='ltr'><strong>si</strong></span> <span class='ocrx_word' id='word_1_103' title='bbox 1555 3462 1797 3572; x_wconf 84' lang='lat' dir='ltr'><strong>paullulum</strong></span> 
     </span>
     <span class='ocr_line' id='line_1_20' title="bbox 805 3608 1797 3720; baseline 0.003 -34"><span class='ocrx_word' id='word_1_104' title='bbox 805 3637 829 3686; x_wconf 89' lang='lat' dir='ltr'><strong>a</strong></span> <span class='ocrx_word' id='word_1_105' title='bbox 848 3609 1010 3690; x_wconf 90' lang='lat' dir='ltr'><strong>virtute</strong></span> <span class='ocrx_word' id='word_1_106' title='bbox 1029 3608 1303 3708; x_wconf 82' lang='lat' dir='ltr'><strong>deflexerint,</strong></span> <span class='ocrx_word' id='word_1_107' title='bbox 1322 3633 1370 3692; x_wconf 91' lang='lat' dir='ltr'><strong>ut</strong></span> <span class='ocrx_word' id='word_1_108' title='bbox 1397 3637 1466 3690; x_wconf 89' lang='lat' dir='ltr'><strong>eos</strong></span> <span class='ocrx_word' id='word_1_109' title='bbox 1485 3611 1703 3720; x_wconf 86' lang='lat' dir='ltr'><strong>poeniteat</strong></span> <span class='ocrx_word' id='word_1_110' title='bbox 1724 3633 1797 3689; x_wconf 90' lang='lat' dir='ltr'><strong>su·-</strong></span> 
     </span>
     <span class='ocr_line' id='line_1_21' title="bbox 803 3751 1797 3863; baseline 0 -29"><span class='ocrx_word' id='word_1_111' title='bbox 803 3757 938 3863; x_wconf 86' lang='lat' dir='ltr'><strong>srepti</strong></span> <span class='ocrx_word' id='word_1_112' title='bbox 959 3755 1144 3852; x_wconf 84' lang='lat' dir='ltr'><strong>consilii,</strong></span> <span class='ocrx_word' id='word_1_113' title='bbox 1157 3755 1267 3838; x_wconf 90' lang='lat' dir='ltr'><strong>nihil</strong></span> <span class='ocrx_word' id='word_1_114' title='bbox 1286 3759 1338 3838; x_wconf 90' lang='lat' dir='ltr'><strong>iis</strong></span> <span class='ocrx_word' id='word_1_115' title='bbox 1353 3757 1442 3837; x_wconf 84' lang='lat' dir='ltr'><strong>lore</strong></span> <span class='ocrx_word' id='word_1_116' title='bbox 1460 3751 1797 3862; x_wconf 84' lang='lat' dir='ltr'><strong>miserius,quod</strong></span> 
     </span>
     <span class='ocr_line' id='line_1_22' title="bbox 803 3903 1796 4011; baseline 0.001 -33"><span class='ocrx_word' id='word_1_117' title='bbox 803 3925 942 4008; x_wconf 87' lang='lat' dir='ltr'><strong>neque</strong></span> <span class='ocrx_word' id='word_1_118' title='bbox 960 3903 1193 3982; x_wconf 86' lang='lat' dir='ltr'><strong>remedium</strong></span> <span class='ocrx_word' id='word_1_119' title='bbox 1210 3931 1349 4011; x_wconf 89' lang='lat' dir='ltr'><strong>neque</strong></span> <span class='ocrx_word' id='word_1_120' title='bbox 1367 3904 1553 3984; x_wconf 87' lang='lat' dir='ltr'><strong>solamen</strong></span> <span class='ocrx_word' id='word_1_121' title='bbox 1566 3927 1680 3982; x_wconf 86' lang='lat' dir='ltr'><strong>serae</strong></span> <span class='ocrx_word' id='word_1_122' title='bbox 1700 3927 1796 4010; x_wconf 87' lang='lat' dir='ltr'><strong>poe·</strong></span> 
     </span>
     <span class='ocr_line' id='line_1_23' title="bbox 717 4045 1798 4160; baseline 0 -34"><span class='ocrx_word' id='word_1_123' title='bbox 717 4151 722 4156; x_wconf 24' lang='lat'>¹</span> <span class='ocrx_word' id='word_1_124' title='bbox 804 4048 1013 4129; x_wconf 88' lang='lat' dir='ltr'><strong>nitentiae</strong></span> <span class='ocrx_word' id='word_1_125' title='bbox 1041 4045 1180 4130; x_wconf 89' lang='lat' dir='ltr'><strong>afferri</strong></span> <span class='ocrx_word' id='word_1_126' title='bbox 1206 4078 1325 4160; x_wconf 88' lang='lat' dir='ltr'><strong>posse</strong></span> <span class='ocrx_word' id='word_1_127' title='bbox 1350 4049 1546 4132; x_wconf 85' lang='lat' dir='ltr'><strong>videant.</strong></span> <span class='ocrx_word' id='word_1_128' title='bbox 1582 4045 1703 4150; x_wconf 88' lang='lat' dir='ltr'><strong>Quae</strong></span> <span class='ocrx_word' id='word_1_129' title='bbox 1731 4073 1798 4127; x_wconf 88' lang='lat' dir='ltr'><strong>re·</strong></span> 
     </span>
    </p>
   </div>
   <div class='ocr_carea' id='block_1_4' title="bbox 805 4193 1794 4306">
    <p class='ocr_par' dir='ltr' id='par_1_4' title="bbox 805 4193 1794 4306">
     <span class='ocr_line' id='line_1_24' title="bbox 805 4193 1794 4306; baseline -0.002 -32"><span class='ocrx_word' id='word_1_130' title='bbox 805 4195 943 4276; x_wconf 84' lang='lat' dir='ltr'><strong>media</strong></span> <span class='ocrx_word' id='word_1_131' title='bbox 968 4198 1050 4276; x_wconf 92' lang='lat' dir='ltr'><strong>sint</strong></span> <span class='ocrx_word' id='word_1_132' title='bbox 1076 4197 1299 4305; x_wconf 82' lang='lat' dir='ltr'><strong>periculis,</strong></span> <span class='ocrx_word' id='word_1_133' title='bbox 1323 4225 1435 4306; x_wconf 84' lang='lat' dir='ltr'><strong>quac</strong></span> <span class='ocrx_word' id='word_1_134' title='bbox 1471 4197 1709 4278; x_wconf 88' lang='lat' dir='ltr'><strong>conducant</strong></span> <span class='ocrx_word' id='word_1_135' title='bbox 1741 4193 1794 4274; x_wconf 87' lang='lat' dir='ltr'><strong>ad</strong></span> 
     </span>
    </p>
   </div>
   <div class='ocr_carea' id='block_1_5' title="bbox 0 0 2133 5824">
    <p class='ocr_par' dir='ltr' id='par_1_5' title="bbox 0 0 2133 5824">
     <span class='ocr_line' id='line_1_25' title="bbox 0 0 2133 5824; baseline 0 0"><span class='ocrx_word' id='word_1_136' title='bbox 0 0 2133 5824; x_wconf 95' lang='lat' dir='ltr'><strong> </strong></span> 
     </span>
    </p>
   </div>
  </div>
 </body>
</html>
