4254 5824
1232 657 1310 747 72

1180 947 1359 1022 XVIII.

847 1133 994 1217 Illuxit
1023 1135 1194 1215 tandem
1212 1134 1462 1216 laetissimus
1497 1136 1570 1216 ille
1604 1136 1771 1218 Petrar-

773 1281 878 1364 cbae
903 1285 992 1364 dies
1026 1278 1043 1396 (
1056 1285 1138 1366 fuit
1162 1283 1234 1364 bic
1253 1311 1302 1365 vl
1327 1283 1382 1364 id.
1408 1285 1595 1364 eiusdem
1619 1289 1770 1367 mensis

772 1453 814 1512 et
841 1434 942 1511 anni
978 1429 1137 1512 Christi
1174 1435 1432 1544 resurgentis
1458 1437 1680 1514 memoriae
1706 1461 1769 1514 sa·

771 1571 889 1690 cer),
914 1606 1000 1686 quo
1017 1580 1052 1658 is
1071 1581 1115 1659 in
1137 1577 1401 1691 Capitolium
1420 1581 1555 1693 palla,
1573 1609 1702 1690 quam
1720 1583 1774 1690 si-¹

770 1729 815 1808 bi
842 1725 1053 1808 Robertus
1088 1727 1179 1808 Rex
1213 1727 1323 1810 dono
1354 1729 1557 1826 dederat,
1591 1728 1767 1810 indutus
1891 1837 1894 1844 Ι

774 1875 988 1972 aseendit,
1013 1879 1315 1959 comitantibus
1345 1867 1441 1959 octo
1468 1907 1597 1988 supra
1625 1879 1769 1956 decem

772 2025 983 2134 primariis
1018 2023 1367 2121 adolescentulis,
1399 2053 1579 2134 quorum
1603 2015 1770 2105 ‹luode-

772 2176 852 2252 cim
877 2172 1030 2268 rubra,
1056 2176 1187 2253 ceteri
1208 2172 1337 2254 viridi
1364 2196 1480 2255 veste
1507 2193 1627 2254 erant
1653 2202 1772 2253 orna·

772 2323 832 2416 ti,
869 2323 1031 2428 quique
1064 2323 1203 2401 varias
1238 2323 1285 2399 in
1318 2319 1512 2401 manibus
1546 2322 1768 2432 gestabant

772 2491 966 2548 coronas.
993 2465 1143 2549 Adfuit
1168 2465 1345 2548 Senator
1372 2467 1525 2566 Vrbis,
1551 2497 1678 2578 quem
1703 2496 1770 2547 su-

771 2643 849 2725 pra
872 2616 1204 2712 nominavimus,
1230 2645 1326 2695 cum
1360 2617 1676 2727 magistratibus
1702 2645 1772 2694 ur-

771 2764 915 2858 bani5‚
941 2783 984 2844 et
1005 2791 1100 2842 cum
1123 2765 1304 2844 maxima
1322 2763 1567 2872 frequentia
1586 2784 1675 2842 tum
1700 2789 1771 2872 po·
1850 2813 1855 2822 ·

773 2913 890 3022 puli,
916 2933 1006 2992 tum
1032 2939 1177 2992 eorum
1210 2915 1288 3020 qui
1323 2939 1476 3024 genere
1503 2931 1546 2992 et
1571 2909 1770 3028 nobilita·

772 3079 814 3139 te
839 3057 964 3140 facile
998 3079 1120 3139 erant
1154 3061 1301 3168 primi.
1329 3056 1502 3158 Quanta
1534 3055 1768 3136 multitudo

770 3207 920 3301 etiam,
946 3205 1200 3312 quantavis
1225 3203 1464 3298 hominum,
1490 3203 1566 3311 qui
1592 3203 1702 3282 fama
1725 3223 1768 3282 et

770 3354 960 3435 novitate
994 3357 1055 3433 rei
1088 3355 1284 3433 commoti
1318 3347 1442 3464 (narn
1477 3354 1671 3460 quamvis
1699 3351 1768 3434 vel

772 3523 869 3583 ante
903 3501 984 3582 hoc
1014 3521 1180 3610 tempus
1213 3489 1411 3582 nonnulli
1448 3499 1594 3580 laurea
1621 3500 1768 3581 donati

771 3635 949 3732 fuissent
985 3669 1161 3760 poetae,
1178 3651 1243 3730 -id
1279 3651 1367 3730 sine
1400 3675 1554 3758 pompa
1579 3641 1690 3760 fuit)
1716 3648 1769 3727 ad

772 3797 930 3879 Vrbem
964 3799 1166 3879 evicinis
1198 3796 1302 3876 locis
1336 3793 1614 3878 accesserant!
1648 3792 1770 3876 Postss

773 3973 903 4055 quam
921 3943 1148 4026 Petrarcha
1166 3943 1371 4054 populum
1387 3965 1429 4025 et
1448 3941 1691 4024 Senatorem
1709 3969 1767 4022 sa·

769 4091 955 4189 lutavit,
981 4121 1030 4172 ac
1060 4091 1200 4173 fausta
1225 4111 1268 4172 et
1303 4090 1447 4172 felicia
1475 4089 1614 4170 omnia
1644 4089 1766 4171 brevi

774 4243 966 4323 oratione
992 4259 1190 4322 aeternae
1216 4241 1313 4322 urbi
1343 4260 1540 4350 precatus
1566 4259 1649 4334 est,
1675 4235 1766 4322 lau·
