4254 5824
1262 625 1292 713 8

782 843 843 903 set
869 847 1075 902 annorum
1098 820 1185 901 fere
1210 823 1449 932 sexaginta.
1487 821 1637 906 Doluit
1663 855 1775 908 acer-

779 969 946 1047 bissime
973 965 1088 1046 hunc
1121 991 1284 1062 casum,
1316 986 1451 1073 utque
1481 995 1546 1048 res
1575 969 1778 1054 domesti-

779 1141 872 1208 cas,
898 1133 1045 1192 tenues
1069 1111 1165 1192 illas
1195 1111 1391 1219 quidem,
1422 1134 1464 1194 et
1493 1135 1681 1196 tutorum
1708 1119 1778 1201 vel

780 1260 1041 1371 negligentia
1075 1258 1146 1340 vel
1177 1257 1432 1362 ¹infidelitate
1460 1263 1644 1344 minutas
1669 1292 1774 1346 corn·

777 1428 980 1517 poneret,
1005 1427 1048 1486 et
1083 1426 1132 1487 ut
1156 1403 1342 1486 solamen
1377 1433 1527 1518 aegrae
1551 1411 1675 1489 matri
1712 1411 1776 1490 af-

775 1543 1207 1649 ferret,‘Avenionem
1225 1554 1455 1648 concessit3
1476 1555 1651 1635 sednon
1667 1557 1774 1637 mul-

776 1719 820 1782 to
851 1695 944 1810 post
981 1701 1073 1778 eius
1110 1727 1281 1808 quoque
1316 1701 1443 1780 funus
1467 1698 1604 1797 vidit,
1639 1723 1682 1784 et
1709 1703 1806 1793 la-=

775 1849 930 1958 orymis
965 1846 1202 1928 decoravit.
1238 1845 1439 1928 Eiusdem
1472 1850 1697 1930 memoriae
1731 1867 1773 1930 et

776 1993 977 2075 laudibus
1003 2013 1098 2074 octo
1116 2017 1243 2103 supra
1267 1997 1469 2106 triginta,
1488 2017 1594 2104 quot
1617 1996 1694 2078 illa
1718 1999 1776 2078 vi·

774 2145 838 2224 xit
868 2169 1021 2238 annos,
1047 2169 1190 2224 versus
1225 2145 1510 2239 consecravit,
1546 2170 1652 2252 quos
1685 2171 1771 2224 non

774 2311 860 2372 tam
886 2292 1058 2400 pietatis
1091 2317 1213 2385 suae,
1241 2317 1369 2398 quam
1396 2289 1527 2372 studii
1563 2291 1609 2370 in
1646 2286 1772 2370 Lati-

774 2467 850 2518 nas
875 2465 1009 2518 musas
1045 2439 1255 2548 specimen
1289 2439 1379 2518 lore
1415 2438 1620 2545 speravit.
1651 2433 1774 2534 Quo-

771 2586 884 2668 niam
918 2584 1032 2665 nihil
1067 2583 1246 2696 amplius
1282 2583 1568 2694 impediebat,
1603 2585 1772 2689 quomi-

775 2759 853 2813 nus
878 2733 1049 2842 ingenio
1074 2759 1147 2816 suo
1181 2758 1350 2842 prorsus
1379 2729 1643 2842 indulgeret,
1676 2757 1771 2809 cum

771 2879 865 2962 vale
892 2880 1064 2958 dixisset
1091 2879 1194 2958 iuris
1219 2877 1498 2986 prudentiae,
1517 2859 1767 2984 increpante

773 3027 873 3108 licet
903 3023 1093 3105 Oldrado
1118 3053 1293 3136 magnae
1326 3024 1547 3104 doctrinae
1567 3049 1769 3136 magnae·-

772 3200 856 3280 que
876 3175 1141 3256 auctoritatis
1162 3176 1253 3254 viro
1269 3170 1330 3270 (Ι),
1349 3194 1391 3254 et
1416 3170 1524 3253 Cino
1546 3169 1767 3252 Pistorien-

771 3324 827 3418 si,
852 3323 897 3402 in
920 3320 1240 3402 humanioribus
1266 3322 1422 3402 litteris
1439 3339 1481 3399 et
1507 3322 1552 3398 in
1575 3316 1764 3427 philoso-

769 3469 871 3582 phia
889 3447 1211 3552 tabernaculum
1222 3469 1336 3551 vitae
1356 3493 1454 3547 suae
1472 3462 1679 3546 collocare
1698 3459 1766 3582 de·

771 3761 1727 3792 ΟΟΟΟΟΟΟΟΟΟΟΟΟΟΟΟΟΟΟΟΟΟΟΟΟΟ
1729 3761 1768 3786 Oc!

767 3956 770 3962 ·
826 3925 873 4004 (r)
885 3929 976 3993 ,Huic
992 3929 1182 4008 respondere
1197 3931 1312 3988 solitus
1329 3941 1418 3988 erat.-
1435 3924 1650 4016 nihilcoutro
1673 3934 1769 3978 natu-

769 4047 839 4086 ram
862 4027 943 4088 bene
967 4029 1026 4100 fit,
1050 4029 1109 4090 illa
1132 4050 1184 4090 me
1214 4029 1400 4092 solitudinis
1426 4039 1606 4088 amatorem
1631 4023 1762 4104 gennit,

769 4149 834 4188 non
859 4129 938 4190 fori.
961 4139 1066 4194 Extat
1087 4135 1161 4192 cini
1183 4136 1346 4214 Epistola⁴
1362 4134 1407 4196 od
1422 4130 1648 4194 Petrarohom·
1672 4129 1764 4186 Prote

769 4233 900 4292 antiche
916 4253 979 4294 ecc.
996 4237 1129 4296 Firenze
1149 4237 1233 4316 1547.
