4260 5826
801 641 901 736 135
969 599 972 604 ’

348 832 571 944 pristinam
606 825 877 936 dignitatem.
902 817 935 902 F
938 821 1044 902 ortis
1069 822 1116 902 in
1144 819 1224 902 hoc
1254 841 1345 902 erat

348 1001 389 1062 et
414 977 540 1088 plane
560 971 701 1054 virilis
722 971 903 1064 animus,
921 966 1152 1077 prudentia
1172 995 1266 1048 cum
1286 971 1348 1050 iu·

347 1127 465 1206 stitia
478 1121 833 1228 humanitatisque
853 1118 1099 1210 coniuncta,
1111 1143 1272 1195 morum
1292 1118 1348 1196 in·

347 1271 547 1352 nocentia
562 1294 696 1377 prope
716 1263 961 1375 singularis,
981 1291 1123 1344 rerum
1140 1262 1346 1343 bonarum

348 1416 614 1496 etmalorum
632 1413 827 1508 scientia,
848 1441 978 1520 quam
998 1437 1077 1491 usu
1097 1412 1345 1518 praesertim

348 1562 629 1672 complurium
646 1557 916 1672 negotiorum
934 1557 1215 1665 adquisierat.
1237 1547 1348 1654 Qua·

348 1739 393 1790 re
405 1727 454 1788 ut
474 1709 643 1790 audivit
662 1706 894 1788 Petrarcha
906 1726 1095 1788 creatum
1115 1703 1235 1784 illum
1253 1702 1348 1784 luis·

348 1885 391 1936 se
403 1853 649 1936 Pontificem
666 1857 911 1950 maximum,
931 1883 980 1934 ac
999 1881 1164 1941 curasse
1182 1852 1347 1944 statim,

348 2022 399 2082 ut
421 2002 530 2084 vitia
553 2001 715 2098 multa,
742 2029 854 2110 quae
881 1999 1139 2109 irrepserant
1164 2000 1210 2078 iu
1233 1995 1346 2080 Are-

348 2151 590 2228 niouensem
617 2144 780 2242 aulam,
806 2168 849 2228 et
875 2175 987 2256 quae
1016 2147 1180 2256 pessimi
1214 2172 1346 2224 mores

348 2291 764 2400 consuetudinesque
792 2293 1197 2386 corroboraverunt,
1223 2290 1345 2370 tolle·

347 2451 513 2534 rentur,
532 2440 586 2520 de
604 2469 653 2520 eo
679 2468 722 2520 se
746 2467 865 2548 posse
890 2441 1000 2520 bene
1027 2469 1196 2550 sperare
1221 2459 1346 2546 puta·

347 2591 431 2666 vit.
459 2582 558 2664 Non
579 2587 872 2696 repellebatur
892 2587 1013 2667 abeo
1032 2587 1148 2694 quod
1170 2584 1344 2697 aggredi

348 2733 553 2840 cupiebat
579 2725 807 2829 Pontifex3
835 2735 908 2815 sed
932 2736 1037 2842 quia
1064 2733 1193 2812 multi.
1217 2758 1345 2842 nego-

348 2881 422 2974 tii,
449 2873 698 2988 multaeque
724 2881 989 2960 difficultatis
1018 2901 1108 2960 erat
1135 2879 1277 2962 sedem
1300 2898 1341 2956 et

347 3024 609 3106 domicilium
635 3029 790 3106 iterum
815 3028 971 3108 Romae
998 3029 1230 3122 collocare,
1255 3053 1343 3104 rem

346 3169 455 3252 banc
477 3175 808 3280 procrastinavit
834 3174 965 3271 adeo,
990 3197 1039 3256 ut
1067 3178 1344 3254 timereeoe-

348 3321 462 3425 perit
476 3317 704 3402 Petrarcba
720 3323 986 3413 immutatam
1004 3327 1050 3402 in
1067 3351 1117 3402 eo
1134 3323 1259 3400 fuisse
1278 3345 1345 3402 vo·

347 3463 569 3546 luntatem.
591 3463 658 3546 Ad
682 3465 792 3548 hanc
811 3469 880 3548 vel
905 3467 1184 3550 revocandam
1202 3465 1270 3546 vel
1295 3466 1340 3544 in

348 3619 562 3718 proposito
580 3611 905 3696 confirmandam
917 3616 1114 3726 pluribus
1127 3612 1269 3694 verbis
1289 3610 1344 3690 ad

347 3783 443 3834 eum
458 3761 644 3865 scripsit,
662 3787 715 3842 ea
730 3739 932 3872 colligens
943 3763 1109 3854 omnia,
1120 3787 1234 3866 quae
1250 3784 1346 3866 pro·

346 3900 507 3980 babent
532 3910 670 4015 magni
695 3911 749 3988 ad
771 3911 919 4004 decus,
943 3909 998 3988 ad
1023 3907 1192 3988 laudem
1214 3923 1257 3984 et
1283 3901 1343 3982 of·

346 4027 489 4128 ficium
513 4047 653 4147 illius,
678 4073 721 4134 ot
746 4056 799 4134 ad
830 4056 983 4136 Italiae
1008 4056 1189 4136 salutem
1212 4056 1344 4132 inter·

347 4220 431 4272 esse
452 4197 587 4300 ipsum
606 4197 660 4276 ad
679 4196 837 4282 Vrbem
856 4206 1170 4313 quamprimum
1182 4203 1341 4279 venire.
