4260 5826
802 607 914 702 13!

364 793 487 874 modo
511 789 694 872 dicanda
714 789 868 900 egerit.
893 785 1014 866 Hanc
1046 789 1156 868 enim
1175 786 1353 867 distrahi

306 943 309 952 ’
363 939 559 1032 nolebat,
581 934 775 1044 nihilque
800 957 888 1014 tam
908 935 1135 1044 cupiebat,
1153 961 1280 1043 quam
1305 958 1353 1016 ut

364 1089 424 1182 ii,
449 1087 524 1193 qui
555 1083 731 1194 publica
756 1085 928 1194 negotia
954 1082 1263 1190 procurabant,
1289 1083 1360 1162 lit·

366 1257 478 1315 teras
510 1231 754 1313 adamarent
789 1252 831 1310 et
870 1229 1081 1310 colerent.
1108 1227 1232 1329 Quod
1257 1257 1357 1311 vero

366 1377 551 1460 Venetos
585 1380 830 1487 praesertim
863 1395 985 1458 tanto
1012 1403 1186 1456 munere
1212 1377 1360 1488 dignos
1456 1384 1466 1392 '

365 1527 608 1635 putaverit,
632 1527 678 1606 in
701 1523 782 1604 boc
812 1551 896 1602 non
922 1545 1009 1604 tam
1033 1525 1286 1630 sapientiam
1311 1523 1361 1602 il·

366 1671 502 1752 lorum
521 1695 737 1783 agnosces,
756 1697 882 1780 quarn
901 1671 1020 1779 pium
1041 1691 1083 1750 et
1103 1693 1270 1780 gratum
1290 1668 1363 1750 Pe-

367 1817 562 1900 trarchae
599 1821 803 1900 animum.
833 1817 1013 1898 Publico
1050 1819 1161 1896 enim
1189 1816 1363 1899 decreto

369 1965 499 2047 abiis
535 1967 635 2048 satis
670 1965 811 2077 ampla
835 1966 958 2046 domo
990 1966 1173 2047 donatus
1196 1961 1363 2062 luerat,

369 2113 586 2220 tantisque
609 2112 843 2194 honoribus
869 2107 1064 2208 affectus,
1088 2137 1137 2193 ut
1164 2141 1258 2192 cum
1278 2139 1365 2223 spe·

370 2259 538 2342 ctacula
573 2259 802 2342 ederentur
837 2260 892 2340 ob
927 2284 1221 2370 recuperatam
1266 2257 1369 2340 Cre·

371 2423 480 2500 tam,
504 2407 592 2513 ipsc
621 2407 674 2486 ad
699 2407 917 2487 dexteram
941 2407 1225 2514 Reipublicae
1245 2407 1365 2487 Prin-

371 2553 501 2659 cipis,
526 2545 543 2662 (
555 2574 645 2659 erat
672 2573 763 2634 tum
788 2551 1047 2634 Laurentius
1073 2549 1246 2664 Celsus)
1272 2557 1368 2636 uni-

371 2725 490 2778 verso
517 2719 733 2807 spectante
760 2699 921 2809 populo
947 2699 1093 2780 sedere
1117 2703 1251 2782 iussus
1276 2704 1369 2784 fue-

372 2843 427 2924 rit
445 2839 510 2926 (Ι).
537 2843 663 2944 Quod
689 2875 787 2926 vero
821 2851 864 2928 in
899 2848 1038 2928 libera
1067 2851 1247 2932 civitate
1280 2877 1364 2932 non

372 2992 574 3070 minorem
611 2992 844 3076 utilitatem
884 2993 1067 3076 afferunt
1111 2999 1186 3104 qui
1231 3001 1364 3110 togati

375 3251 632 3274 ‘md
635 3255 1364 3285 ΝΜΟΟΜΜΝΝΜ

435 3373 480 3452 (1)
497 3381 567 3434 Sen.
590 3377 658 3436 Lib.
673 3381 728 3438 1v.
746 3385 801 3459 Ep.
819 3401 857 3439 11.
880 3385 1031 3440 Narrant
1051 3385 1133 3442 hoec
1155 3392 1249 3446 Petro
1267 3393 1372 3445 Bono-

373 3481 480 3537 niensi
498 3479 628 3540 Rhetori
652 3485 703 3542 ait
714 3521 724 3556 ,
750 3485 1011 3562 angustissimam
1032 3491 1231 3545 Venetorum
1256 3486 1370 3544 urbem

287 3657 290 3668 ι
375 3599 474 3638 unam
491 3581 656 3644 libertatis
674 3603 710 3644 ac
720 3587 809 3664 pacis
824 3605 860 3646 ac
876 3589 1022 3648 iustitiae
1032 3587 1163 3648 domurn
1175 3607 1371 3658 esse‚unu1n

375 3678 533 3741 bonorum
551 3685 735 3763 refugium,
751 3709 851 3747 uuum
871 3703 1025 3768 portum,
1041 3711 1136 3768 quem
1159 3690 1239 3748 bene
1259 3691 1372 3750 vivers

375 3783 577 3858 cupientium
599 3793 782 3868 tyrannicis
799 3792 943 3872 undique
967 3813 1003 3852 ac
1019 3793 1144 3852 bellicis
1166 3795 1373 3871 tempestati-

377 3883 438 3944 bus
458 3901 628 3962 quassatae
651 3905 738 3954 rates
761 3907 897 3974 petant,
913 3887 1027 3958 urbani
1044 3915 1121 3958 vero
1143 3897 1300 3962 divitem,
1315 3895 1370 3954 sed

377 3984 465 4046 lama
482 3987 653 4062 ditiorem,
669 4007 835 4072 potentem
852 3999 986 4077 opibus,
1003 4001 1057 4060 sed
1073 4001 1201 4060 virtute
1213 3999 1375 4076 potentio·

377 4105 464 4158 rem,
478 4089 590 4151 solidis
605 4091 777 4155 fundatam
793 4101 1029 4171 marmoribus,
1046 4102 1101 4160 sed
1116 4099 1263 4160 solidiori
1272 4101 1372 4158 etiarn

377 4187 593 4254 sandaracato
607 4192 714 4256 civilis
729 4202 921 4260 concordiae
936 4203 1132 4264 stabilitam.
