4260 5826
1221 630 1342 730 134

781 817 995 900 infamiam
1017 834 1197 924 augent,
1217 814 1335 922 quod
1354 814 1481 895 tellus
1501 817 1605 916 illa,¹
1629 823 1675 900 in
1694 847 1780 930 qua

782 973 847 1035 tot
872 978 969 1038 sunt
1003 961 1204 1068 impressa
1238 962 1417 1072 vestigia
1449 990 1587 1043 rerum
1612 993 1637 1045 a
1660 969 1779 1049 vobis

781 1123 1016 1211 gestarum,
1052 1107 1165 1186 omni
1199 1106 1363 1186 nefario
1398 1107 1553 1188 scelere
1588 1140 1613 1190 a
1647 1141 1779 1222 parva

779 1250 1042 1358 praedonum
1067 1265 1194 1334 m'anu
1219 1273 1437 1363 turpetur.
1474 1253 1619 1356 Quid?
1644 1257 1712 1341 Ad
1735 1282 1777 1342 te

777 1427 855 1494 ne,
873 1428 1028 1481 summe
1048 1404 1113 1485 vir
1133 1396 1354 1513 (Caesar)
1374 1403 1633 1516 confugiam,
1654 1409 1774 1487 cuius

777 1575 897 1627 aures
916 1549 1077 1630 iamdiu
1100 1547 1355 1630 clamoribus
1374 1552 1527 1640 nostris
1544 1553 1776 1634 obsurdue-

776 1689 900 1775 runt?
937 1694 1092 1805 Itaque
1125 1695 1189 1778 nil
1223 1717 1410 1778 remanet
1443 1697 1587 1794 aliud,
1620 1701 1702 1778 nisi
1726 1721 1774 1780 ut

774 1861 843 1938 te,
877 1871 1016 1924 rerum
1051 1847 1239 1926 omnium
1276 1866 1441 1929 creator
1465 1867 1509 1926 et
1532 1844 1774 1927 moderator

776 1986 916 2088 Deua,
942 2022 1090 2103 precer
1110 2013 1240 2101 atque
1258 1994 1468 2088 obtester',
1493 1996 1527 2072 si
1546 1992 1657 2074 hanc
1678 2021 1776 2104 pec·

776 2140 882 2220 catis
907 2167 1085 2250 poenam
1110 2145 1323 2238 statuisti,
1359 2163 1407 2222 ut
1433 2139 1562 2222 Italia
1586 2143 1774 2220 amissam

772 2283 1015 2368 libertatem
1050 2289 1232 2398 amplius
1274 2317 1525 2397 recuperare
1561 2308 1771 2404 nequeat,

773 2460 827 2512 ne
853 2434 1001 2516 saltem
1025 2455 1091 2516 tot
1115 2436 1359 2547 sacrilegia,
1385 2435 1556 2528 caedes,
1583 2435 1773 2542 rapinas,

725 2641 727 2648 ,
772 2577 912 2677 furta,
937 2583 1171 2680 adulteria,
1197 2605 1343 2693 stupra
1368 2583 1581 2692 impunita
1598 2599 1641 2662 et
1662 2576 1774 2658 inul-

773 2746 819 2807 ta
844 2755 930 2810 esse
956 2733 1141 2839 patiare.
1177 2729 1354 2812 Minime
1388 2757 1559 2838 quoqne
1595 2728 1772 2808 cessavit

770 2901 941 2958 monere
978 2876 1228 2962 Catholicae
1272 2876 1487 2958 Ecclesiae
1521 2874 1771 2967 Rectorem,

771 3051 992 3132 nunquam
1015 3053 1064 3104 eo
1082 3026 1303 3108 licentiam
1321 3023 1449 3106 fuisse
1469 3043 1715 3114 venturam,
1736 3019 1770 3096 si

771 3171 973 3278 querelae
999 3194 1042 3256 et
1068 3173 1283 3287 lacrymae
1310 3171 1465 3254 Italiae
1490 3196 1584 3250 suos
1620 3165 1770 3246 Roma·

769 3341 845 3394 nos
871 3316 1095 3402 Pontifices
1127 3322 1388 3431 reposcentis
1423 3321 1560 3428 ipsum
1593 3337 1772 3394 commo·

771 3461 949 3548 vissent.

1201 3727 1402 3800 XXXII.

828 3903 1041 3988 Summum
1059 3929 1150 3990 tum
1174 3912 1348 4021 gerebat
1369 3905 1667 3988 Pontificatum
1693 3897 1775 3978 Vr?

771 4049 907 4132 banus
930 4051 992 4151 V,
1028 4083 1114 4165 quo
1141 4085 1262 4138 nemo
1287 4056 1479 4165 paratior
1497 4048 1770 4162 ‘promptior-

772 4223 857 4319 que
870 4201 1016 4284 extitit
1028 4203 1081 4284 ad
1098 4203 1359 4284 reddendam
1373 4201 1473 4282 urbi
1485 4197 1641 4279 Romae
1652 4218 1769 4274 suam
