4254 5824
831 559 903 650 75

365 750 579 834 continuis
604 743 735 826 animi
768 739 1161 822 concertationibus
1186 764 1360 820 vexare-

366 921 437 980 tur
448 953 460 994 ,
472 921 577 1004 quas
595 891 928 974 vehementiores
949 886 1159 966 efficiebat
1176 887 1266 995 ipse
1281 889 1361 968 vir·

366 1041 637 1135 tutissimos,
663 1040 739 1147 qui
775 1039 821 1116 in
846 1065 896 1118 eo
921 1057 1141 1143 nunquam
1166 1035 1359 1148 extingui

367 1185 533 1301 potuit.
560 1184 700 1268 Huius
729 1187 762 1264 si
797 1181 1028 1266 audivisset
1054 1205 1200 1280 voces,
1235 1181 1366 1263 Roma

369 1337 586 1418 discedens
617 1333 788 1416 minime
824 1332 1084 1416 Avenionem
1119 1332 1368 1443 cogitasset,

367 1509 496 1592 quarn
514 1484 663 1563 urbem
685 1481 879 1562 libidinis
905 1479 1125 1590 scopulum
1146 1478 1365 1589 appellare

370 1628 596 1741 potuisset.
636 1629 800 1710 Revisit
838 1627 942 1708 Pisis
976 1624 1240 1706 incunabula
1269 1648 1368 1706 suae

371 1773 549 1888 puerilis
584 1777 836 1871 doetrinae,
869 1775 970 1854 inde
1010 1803 1086 1884 per
1123 1771 1368 1882 Apenninus

372 1943 532 2008 montes
551 1923 741 2004 Parmam
765 1925 961 2034 pervenit
987 1951 1038 2002 eo
1061 1925 1151 2031 ipso
1172 1921 1261 2018 die,
1281 1927 1370 2029 qao

371 2073 500 2152 Azzus
531 2071 810 2184 Corrigiensis
843 2070 960 2150 illius
997 2071 1115 2149 urbis
1148 2069 1369 2150 dominatu

374 2223 536 2328 potitus
561 2241 622 2300 est
650 2221 787 2328 specie
809 2219 1033 2328 pristinam
1058 2214 1306 2298 libertatem
1328 2219 1367 2298 ei

373 2365 656 2446 restituendi.
691 2364 731 2444 Is
766 2367 852 2446 vim
884 2365 1191 2472 quodammodo
1221 2365 1367 2445 attulit

372 2509 618 2606 Francisco,
631 2539 683 2590 ne
704 2537 785 2589 ase
803 2507 1061 2604 discederet,
1074 2513 1193 2590 cuias
1211 2537 1253 2589 se
1274 2540 1369 2592 con-

375 2659 478 2738 siliis
499 2657 690 2768 indigere
711 2655 853 2736 aiebat
868 2655 921 2734 ad
940 2657 1146 2766 optimum
1164 2657 1370 2768 reipubli-

375 2835 448 2886 cae
472 2825 630 2885 statum
657 2804 1027 2898 constituendum,
1056 2831 1150 2883 cum
1182 2805 1370 2902 interea,

376 2955 498 3032 sociis
524 2952 752 3048 fratribus,
771 2949 904 3032 multa
929 2953 1080 3063 egisset
1097 3011 1109 3048 ,
1126 2980 1236 3059 quae
1255 2981 1368 3062 spem

378 3097 609 3180 afferebant
631 3097 789 3180 firmam
813 3119 857 3180 et
883 3104 1144 3180 constantem
1169 3102 1213 3181 in
1240 3102 1291 3179 iis
1311 3101 1370 3180 fo·

377 3277 421 3328 re
446 3245 737 3342 voluntatem,
772 3248 919 3326 urbem
954 3247 1219 3359 tyrannidis,
1246 3276 1372 3355 quam

377 3413 654 3481 exercuerant
687 3391 881 3476 Veronae
918 3394 1100 3492 domini,
1135 3425 1372 3508 oppressam

378 3541 498 3620 malis
518 3537 760 3624 levandi(¹).
779 3539 896 3623 Haec
916 3545 1119 3624 invitatio
1137 3547 1372 3656 gratissima

1014 3765 1373 3794 mmm-oa

441 3851 486 3930 (t)
503 3851 554 3907 Ad
569 3851 642 3910 hoec
658 3853 794 3932 respexit
810 3853 983 3916 Petronia
1003 3857 1039 3914 ist
1055 3857 1112 3912 ads
1128 3858 1209 3926 ills,
1230 3878 1312 3938 quae
1324 3858 1375 3915 in-

379 3953 477 4032 cipit:

502 4057 581 4132 Qael
596 4055 701 4116 eh’ha
715 4071 826 4118 nostra
842 4073 961 4118 natura
975 4061 1011 4117 in
1026 4065 1058 4118 se
1073 4063 1130 4138 piis
1143 4063 1267 4140 degne,

380 4159 547 4239 antiquaire
568 4158 794 4218 recentioribus
820 4161 1008 4220 retunsae
1030 4164 1209 4224 carminum
1226 4165 1376 4222 editioni·
