4254 5824
1244 637 1323 733 40

791 837 906 911 tuas,
920 815 1173 929 anaglypta,
1194 817 1472 934 sarcophagos
1487 839 1529 900 et
1549 843 1690 903 cetera
1707 822 1781 904 hu·

788 963 968 1042 iusmodi
988 961 1073 1042 alio
1093 965 1313 1046 transferri
1334 971 1519 1048 sinerent
1532 965 1596 1047 (¹).
1623 968 1662 1048 Is
1685 975 1781 1078 qui·-

787 1108 883 1190 dem
901 1113 1177 1222 antiquitatis
1195 1115 1300 1195 adeo
1320 1137 1411 1196 erat
1439 1143 1604 1212 amans,
1621 1140 1670 1198 ut
1692 1119 1783 1198 nul·

786 1256 829 1338 la
848 1257 917 1338 lex
936 1284 1043 1343 esset
1056 1319 1068 1356 ‚
1083 1289 1223 1370 neque
1242 1290 1348 1372 pax,
1361 1291 1499 1373 neque
1519 1263 1784 1361 bellumm-

788 1434 873 1514 que
892 1436 957 1488 res
976 1407 1155 1490 illustris
1172 1411 1323 1521 populi
1347 1411 1548 1510 Romani,
1566 1442 1695 1523 quam
1719 1415 1782 1493 di-

789 1553 971 1666 ligenter
996 1585 1083 1636 non
1106 1556 1283 1640 haberet
1310 1564 1545 1672 cognitam:
1572 1560 1781 1670 quaracla

789 1729 955 1785 severe
980 1705 1156 1816 gloriari
1182 1709 1390 1818 potuisset
1426 1707 1580 1790 studiis
1608 1712 1693 1789 suis
1718 1710 1784 1792 el-

787 1851 934 1932 fecisse
947 1911 959 1948 ,
973 1875 1022 1936 ut
1040 1853 1122 1935 hoc
1140 1855 1395 1938 eruditionis
1413 1863 1565 1967 genus,
1579 1882 1668 1963 quo
1686 1854 1782 1964 plu-

789 2002 941 2080 rimum
977 2005 1135 2111 scripta
1168 2031 1244 2083 sua
1276 2033 1362 2083 non
1387 2006 1609 2085 exornavit
1636 2002 1783 2097 modo,

789 2147 861 2228 sed
886 2171 928 2230 et
957 2149 1218 2247 cumulavit,
1244 2153 1433 2262 coeperit
1460 2179 1546 2230 esse
1575 2154 1620 2229 in
1647 2149 1785 2230 hono-

789 2326 867 2376 res
888 2297 1020 2412 Roma
1053 2296 1273 2378 discedens
1299 2325 1496 2409 magnum
1523 2297 1588 2378 sui
1613 2296 1785 2376 deside-

790 2447 900 2526 rium
919 2439 1097 2554 ieliquit
1120 2443 1497 2541 Columnensibus,
1515 2444 1675 2551 quibus
1693 2464 1783 2522 erat

789 2593 1108 2702 perfamiliaris,
1125 2621 1210 2674 non
1236 2621 1353 2674 secus
1377 2621 1423 2674 ac
1450 2595 1484 2672 si
1504 2620 1527 2670 e
1547 2590 1669 2670 domo
1688 2588 1781 2669 illo-

788 2853 1786 2904 mmmOffummm

850 2992 895 3072 (1)
917 2995 1030 3054 Famil.
1043 2995 1100 3056 lib.
1117 3001 1171 3057 Vl·
1187 3017 1237 3076 ep.
1255 3017 1301 3058 11.
1323 2997 1401 3056 Vide
1418 2999 1518 3068 etiarn
1537 2999 1665 3054 Hortat-
1682 2992 1723 3052 ad
1738 2992 1790 3052 Ni-

791 3093 919 3154 eolaum
942 3101 1092 3158 Laurent.
1108 3097 1179 3159 Vol.
1195 3103 1219 3158 1.
1239 3120 1271 3178 p.
1290 3099 1356 3178 596.
1374 3103 1460 3159 Dum
1487 3101 1522 3156 in
1544 3097 1594 3156 his
1616 3097 1706 3156 rebus
1728 3101 1789 3154 Ro-

791 3217 959 3258 manarum
974 3205 1098 3260 acriter
1110 3202 1363 3282 reprehendebat
1377 3204 1563 3272 inscitiam,
1574 3199 1736 3278 quaedam
1747 3215 1793 3256 es·

791 3317 825 3359 se
841 3303 974 3376 aiebat,
990 3323 1074 3382 quae
1095 3307 1137 3362 iis
1158 3304 1252 3364 laudi
1273 3304 1388 3364 danda
1409 3303 1570 3382 putabat.
1587 3306 1675 3362 Nam
1689 3301 1792 3378 paria

789 3405 926 3482 paribus
949 3407 1187 3484 respondebant
1211 3409 1271 3479 iis,
1293 3409 1349 3486 qui
1371 3424 1442 3463 cum
1458 3407 1542 3483 ipsis
1562 3405 1668 3460 amice
1683 3414 1715 3459 et
1730 3397 1790 3456 ltu·

791 3510 935 3566 maniter
948 3526 981 3567 se
995 3509 1168 3588 gerebant,
1187 3527 1250 3568 non
1264 3527 1385 3587 parum
1408 3509 1537 3585 antiqui
1562 3505 1682 3564 rebaris
1696 3506 1732 3561 in
1747 3504 1790 3560 iis

793 3611 973 3686 residebat,
995 3625 1026 3670 et
1052 3613 1153 3671 severi
1177 3612 1259 3672 adeo
1282 3611 1429 3671 custodes
1453 3622 1549 3668 erant
1573 3607 1792 3668 castimoniae

793 3731 946 3785 uxorum,
961 3728 998 3772 ut
1012 3714 1170 3792 quidlibet
1184 3717 1282 3792 pati,
1297 3731 1395 3792 quam
1412 3714 1507 3770 illam
1522 3712 1639 3771 violari
1654 3706 1790 3765 malnis·

795 3830 883 3874 seat.
910 3821 1075 3888 Ceterum,
1097 3819 1125 3873 si
1151 3816 1362 3876 Petrarcltam
1384 3815 1503 3888 audis,
1527 3813 1649 3873 nobiles
1675 3815 1796 3868 Rorna-

793 3916 1016 3991 naefeminae
1025 3956 1037 3990 ‚
1052 3933 1187 3996 praeter
1205 3919 1337 3978 laudem
1352 3919 1460 3978 virilis
1475 3919 1580 3976 animi
1599 3929 1631 3972 et
1645 3925 1794 3970 constan·

794 4021 888 4092 tiae,
910 4035 1010 4080 tanta
1032 4035 1127 4080 erant
1151 4023 1373 4093 castimonia,
1393 4034 1430 4080 ut
1444 4018 1517 4078 illas
1542 4016 1630 4074 sama
1648 4010 1791 4090 vulgaris

792 4120 864 4181 iure
878 4124 1025 4184 omnium
1041 4123 1186 4202 gentium
1203 4123 1395 4184 mulieribus
1411 4130 1643 4199 anteponeret.
1656 4114 1710 4175 ttd.
1722 4117 1791 4172 Bas.

792 4243 824 4302 r·
849 4227 916 4308 99³·

788 4356 824 4428 s
