4260 5826
796 667 910 762 115

359 884 442 966 que
467 855 637 934 omnino
661 879 731 932 eos
761 877 846 930 esse
877 851 953 958 qui
983 845 1139 929 stultae
1169 844 1353 926 creduli-

360 1006 460 1086 tatis
486 1029 575 1082 eam
600 1000 782 1080 subeunt
806 1021 1010 1108 poenam,
1035 1016 1084 1074 ut
1110 997 1154 1073 in
1181 1021 1250 1075 eos
1274 993 1352 1072 illa

360 1149 542 1230 infelicis
567 1147 825 1228 monumenti
852 1145 1072 1253 inscriptio
1103 1144 1352 1239 conveniat,

373 1293 508 1376 Turba
528 1320 571 1376 se
588 1291 836 1374 medicorum
848 1287 1105 1402 periissem.
1125 1288 1243 1370 Haec
1262 1292 1356 1370 scri·

362 1445 444 1552 psit
477 1440 706 1523 Petrarcha
741 1440 794 1520 ad
829 1438 1088 1520 Clementem
1114 1437 1175 1518 VI
1202 1438 1243 1517 P.
1269 1435 1353 1534 Μ.,

361 1591 518 1697 inquo
545 1617 640 1670 cum
668 1610 774 1668 esset
802 1615 961 1670 summa
985 1585 1203 1699 gracilitas
1228 1607 1270 1666 et
1296 1589 1358 1664 in-

361 1734 533 1816 firmitas
563 1737 773 1844 corporis3
804 1763 851 1814 ac
889 1736 1128 1844 saepissime
1166 1731 1357 1816 febribus

362 1902 634 1975 tentaretur,
675 1881 934 1962 levationem
974 1881 1291 1994 aegritudinum
1333 1909 1357 1961 a

363 2029 536 2108 medicis
559 2029 781 2138 sperabat.
813 2025 990 2110 Minime
1025 2029 1091 2108 his
1125 2026 1358 2110 occultavit

364 2175 541 2256 consilia
560 2175 831 2272 Petrnrchae,
851 2203 903 2256 ex
922 2205 1027 2286 quo,
1048 2198 1096 2256 ut
1117 2179 1180 2257 ita
1201 2177 1355 2269 dicam,

366 2399 1363 2426 oommmmmm

422 2511 467 2588 (r)
490 2511 529 2567 Id
556 2507 679 2569 dictam
703 2510 817 2568 tribuit
833 2512 1003 2569 Petrorciro
1020 2511 1188 2570 Hadriano
1214 2511 1358 2570 Caesari.

371 2617 486 2674 Verum
509 2633 546 2670 est
569 2613 678 2692 Praef.
694 2613 801 2671 Piinii
822 2614 865 2672 ad
887 2613 959 2672 Lib.
976 2615 1089 2672 XXIX
1114 2619 1228 2674 Natus.
1245 2615 1363 2674 Histor.

365 2727 459 2790 atque
472 2734 509 2770 ex
522 2713 628 2772 Dione
641 2715 751 2771 Cassia
762 2715 799 2772 in
811 2729 949 2775 extrema
958 2716 1124 2774 Hadriani
1137 2717 1271 2774 historia
1285 2717 1364 2773 mni·

365 2829 395 2876 to
416 2815 657 2896 vetustiaslesse
684 2816 918 2898 intellipimus.
942 2819 1095 2876 Securius
1120 2835 1164 2878 est
1187 2817 1363 2878 Menandri

368 2917 488 2979 Comici

527 2999 666 3062 Homer
690 3021 814 3080 torpor
840 2995 962 3076 εισοὸος
982 3005 1206 3081 μάπωλεσεν.

368 3125 512 3182 Ceterum
528 3125 672 3200 quamvis
691 3125 861 3184 Petrarcisa
877 3125 914 3184 in
931 3129 1019 3186 omni
1034 3150 1175 3188 sermone
1191 3146 1292 3190 artem
1307 3151 1368 3190 ms·

367 3223 513 3282 dirorum
536 3224 707 3295 irride-ret,
727 3230 902 3308 multisque
927 3232 964 3288 in
986 3233 1063 3290 locis
1086 3235 1276 3313 scriptoram
1292 3255 1367 3292 sses-

368 3354 440 3394 rttm
460 3336 555 3396 isttitts
575 3335 739 3394 irrisionis
764 3351 892 3399 caussas
916 3338 1116 3418 narraverit,
1127 3340 1238 3416 plnres
1262 3353 1369 3398 tamen

367 3438 504 3496 medieas
521 3438 660 3506 amarit,
677 3439 781 3516 iisque
796 3440 1062 3520 familiarissime
1077 3460 1156 3498 rasus
1178 3457 1242 3511 est,
1257 3443 1365 3522 quales

362 3539 502 3620 snerstnt
520 3545 656 3598 Ioannes
673 3541 826 3610 Dordas,
843 3543 899 3620 qui
914 3545 1010 3602 anias
1024 3549 1068 3601 1ο.
1088 3545 1227 3602 Galeatii
1250 3545 1369 3604 Viceco-

368 3641 458 3698 mitis
483 3659 551 3702 erat
575 3645 745 3716 addictus,
769 3648 956 3706 Francisatas
980 3647 1150 3720 Senensis,
1176 3647 1368 3708 GuilieImus

368 3747 559 3817 Ravennae,
579 3753 715 3809 Ioannes
732 3755 915 3812 Parmensis
934 3741 1135 3824 canonicus,
1151 3772 1284 3834 quonam
1300 3753 1369 3810 lau-

369 3845 458 3906 darit
473 3871 571 3908 mores
589 3867 617 3910 et
634 3853 833 3925 doctrinam,
848 3876 1015 3936 nunquam
1032 3878 1117 3926 vero,
1133 3877 1228 3937 qnam
1239 3855 1369 3936 profite-

370 3947 501 4022 bantur,
511 3968 610 4014 ortem
620 3958 749 4038 ..Diana
761 3959 860 4037 plana
875 3975 921 4020 est
937 3981 1017 4042 qnae
1032 3962 1160 4042 legatur
1173 3962 1241 4018 eins
1257 3937 1370 4038 epistoss

370 4049 404 4108 ia
419 4051 470 4123 ad
481 4055 634 4115 Dandum
643 4097 654 4131 2
669 4080 732 4138 qna
750 4083 797 4118 eos
804 4103 815 4132 ,
832 4079 861 4120 et
876 4065 1011 4124 medicas
1022 4066 1235 4144 praesertim,
1252 4065 1372 4122 acriter

372 4155 514 4233 exagitat
530 4157 586 4236 qui
601 4159 638 4216 ab
656 4161 811 4220 Arabibsts
827 4167 956 4242 aliquid
970 4189 1002 4226 se
1017 4189 1108 4246 posse
1124 4169 1242 4228 discere
1258 4167 1366 4225 eristi-

376 4255 524 4319 mabant.
541 4264 611 4320 Seu.
628 4262 697 4322 Lib.
715 4267 785 4324 ΧΠ.
803 4271 858 4346 Ep.
874 4287 912 4328 11.

1170 4357 1200 4401 1⁵
