4260 5826
1131 657 1136 667 ’
1229 641 1345 734 172

786 827 933 920 rebat,
959 824 1174 906 interdum
1198 827 1339 905 iocans
1363 824 1540 906 moralia
1564 829 1779 940 aenigma-

784 993 854 1068 ta,
878 1001 988 1082 quae
1022 971 1230 1070 solveret,
1254 975 1293 1052 ei
1328 973 1613 1086 proponebat.
1650 973 1774 1075 Quod

782 1148 882 1202 vero
907 1150 1002 1202 eum
1031 1123 1260 1231 praecipue
1293 1121 1501 1235 diligebat
1527 1123 1585 1202 Io:
1614 1121 1777 1204 Bocca-

782 1271 891 1365 tius,
908 1268 1119 1378 huiusque
1138 1271 1295 1352 litteris
1313 1271 1560 1377 frequenter
1579 1268 1779 1380 interpel-

780 1415 973 1513 labatur,
992 1446 1077 1498 non
1101 1417 1181 1496 sibi
1201 1446 1329 1530 grave
1353 1417 1539 1499 ducebat
1567 1417 1632 1498 illi
1658 1419 1711 1498 ad
1736 1446 1778 1498 o-

781 1567 919 1662 mnia,
938 1594 1048 1675 quae
1076 1566 1335 1674 quaerebat,
1355 1566 1605 1644 rescribere.
1632 1563 1779 1665 Quan-

780 1739 907 1820 quam
924 1713 1154 1795 multorum
1172 1741 1361 1794 sermone
1376 1713 1666 1794 celebraretur
1680 1711 1779 1793 Boc-

778 1863 882 1942 catii
908 1863 1062 1971 ipsius,
1088 1883 1136 1942 ut
1174 1861 1438 1973 appellatur,
1465 1858 1774 1958 Decaemeron,

779 2037 863 2088 non
889 2029 987 2091 ante
1006 2029 1148 2092 tamen
1167 2009 1247 2090 hoc
1265 1995 1431 2120 tempus
1458 2009 1512 2090 ad
1537 2036 1683 2090 manus
1704 2006 1779 2087 Pe·

698 2203 705 2216 =
776 2157 972 2238 trarchae
1008 2162 1234 2269 pervenit,
1259 2163 1335 2268 qui
1365 2161 1411 2238 in
1447 2187 1497 2237 eo
1527 2160 1776 2268 praesertim

775 2303 971 2386 laudavit
997 2309 1145 2416 pestis,
1164 2335 1277 2415 quae
1298 2336 1364 2388 an.
1385 2333 1654 2388 uocoxuvnr
1679 2301 1777 2384 Flo-

775 2455 940 2534 rentiae
960 2475 1148 2563 grassata
1173 2477 1258 2552 est,
1283 2476 1327 2535 et
1347 2452 1586 2534 Griselidae
1605 2479 1778 2541 casuum

774 2602 1078 2680 narrationem.
1100 2598 1220 2682 Adeo
1237 2603 1424 2682 omnium
1445 2603 1778 2710 patientissimae

776 2747 957 2828 feminae
978 2747 1289 2830 sollicitudines
1314 2769 1443 2857 atque
1464 2775 1637 2860 angores
1655 2746 1777 2826 illum

774 2898 1039 3008 tetigerunt,
1066 2917 1114 2978 ut
1139 2898 1249 2978 hanc
1283 2895 1471 2977 fabulam
1503 2895 1700 2977 Latinam
1730 2896 1775 2973 in

776 3041 966 3154 linguam
1000 3047 1286 3138 converterit3
1322 3065 1364 3125 et
1398 3046 1527 3122 miror
1556 3042 1776 3150 equidem,

777 3194 881 3298 quia
905 3195 1077 3272 minime
1103 3196 1296 3304 ignorare
1315 3213 1488 3302 poterat
1515 3220 1591 3301 per
1616 3191 1661 3271 id
1687 3189 1778 3300 plu·

774 3341 923 3438 rimum
948 3339 1001 3420 de
1026 3337 1142 3420 illius
1166 3340 1379 3450 elegantia
1403 3361 1446 3420 et
1471 3339 1614 3449 lepore
1634 3339 1773 3417 detra·

776 3509 890 3570 ctum
915 3489 989 3568 iri.
1016 3485 1134 3569 Haec
1152 3510 1273 3571 erant
1295 3489 1606 3570 oblectamenta
1624 3483 1776 3566 solitu-

774 3637 887 3716 dinis
913 3658 1043 3746 atque
1069 3639 1322 3719 senescentis
1349 3639 1523 3732 aetatis,
1549 3635 1707 3742 quibus
1732 3651 1775 3712 et

777 3785 876 3865 addi
902 3813 1021 3894 posse
1040 3784 1211 3868 videtur
1235 3787 1411 3866 musices
1430 3785 1642 3879 studium,
1661 3779 1778 3890 quod

775 3933 845 4014 vel
878 3933 930 4012 ab
955 3933 1240 4017 adolescentia
1268 3933 1433 4016 cultum
1467 3959 1686 4040 nunquam
1714 3933 1777 4009 in-

775 4083 974 4162 termisit.
1001 4079 1161 4194 Digitis
1198 4085 1311 4164 enim
1346 4081 1546 4193 pulsabat
1578 4079 1687 4160 illud
1713 4107 1778 4192 or-

776 4232 878 4339 gani
900 4257 1055 4342 genus,
1073 4229 1189 4338 quod
1213 4258 1289 4310 nos
1311 4229 1477 4312 leutum
1498 4229 1696 4308 dicimus.
1724 4223 1777 4304 Il·
