4254 5824
1233 689 1307 781 14

774 864 1033 946 sermonibus
1058 857 1175 975 vulgi
1210 867 1380 945 minime
1407 893 1447 946 se
1473 867 1672 966 dederat,
1697 901 1769 952 ne-

770 1040 853 1118 que
873 1013 918 1090 in
935 1011 1131 1120 praemiis
1148 1009 1342 1090 humanis
1361 1039 1474 1120 spem
1493 1011 1693 1122 posuerat
1702 1047 1768 1118 re-

769 1186 862 1237 rum
882 1185 1068 1237 suarum.
1088 1153 1133 1232 (¹)
1161 1156 1269 1236 Cum
1285 1157 1365 1237 hoc
1389 1162 1661 1240 arctissimam
1679 1165 1768 1244 iun·
1843 1185 1848 1194 ’

765 1306 829 1383 xit
856 1306 1108 1400 amicitiam,
1128 1326 1176 1385 ut
1202 1305 1322 1385 illum
1345 1335 1476 1386 unum
1503 1309 1548 1387 in
1573 1330 1664 1389 tam.
1681 1337 1768 1390 cor·

765 1453 902 1560 ruptis
939 1450 1124 1529 moribus
1163 1471 1391 1558 patronum
1426 1453 1507 1531 sibi
1545 1453 1763 1563 adoptasse
1832 1542 1835 1548 Δ

765 1596 1002 1677 videretur.
1031 1593 1221 1676 Dederat
1247 1619 1403 1679 natura
1427 1595 1459 1674 F
1462 1603 1653 1678 rancisco
1678 1629 1766 1680 sen-

765 1770 833 1822 sus
866 1741 1165 1838 humanitatis,
1199 1748 1275 1851 qui
1315 1747 1503 1824 inomni
1534 1748 1623 1824 eius
1651 1746 1766 1827 dicto

766 1891 964 1996 factoque
984 1891 1268 1998 apparebant,
1285 1891 1417 1986 oculi,
1437 1891 1683 2000 supercilia,
1703 1909 1765 1972 co·

763 2037 845 2132 lor,
871 2037 1003 2133 frons,
1026 2036 1170 2118 vultus
1195 2038 1382 2146 denique
1409 2059 1524 2118 totus
1550 2041 1766 2149 ingenium

762 2183 1083 2290 bonitatemque
1109 2185 1197 2264 eius
1222 2185 1483 2292 prodebant,
1505 2187 1563 2264 sic
1586 2207 1634 2265 ut
1659 2185 1767 2296 digi-

763 2352 1158 2428 tomonstraretur,
1183 2332 1300 2440 quod
1336 2362 1422 2412 non
1456 2333 1544 2412 sine
1574 2332 1765 2439 molestia

763 2479 893 2587 ipsius
917 2498 1035 2556 erat:
1058 2475 1169 2558 Nam
1195 2481 1270 2584 qui
1301 2479 1572 2558 miserrimam
1597 2479 1766 2562 fatuita-

760 2646 845 2705 tem
879 2624 1021 2704 fratris
1058 2622 1271 2730 quondam
1305 2651 1448 2706 severe
1487 2622 1765 2733 reprehende-

760 2793 852 2866 rat,
878 2800 1005 2879 seque
1031 2773 1168 2878 ipsum
1197 2771 1527 2865 subaccusabat,
1553 2770 1667 2877 quod
1692 2799 1762 2848 ex-

764 2922 923 3026 quisita
945 2920 1120 2998 nimium
1139 2920 1325 3027 corporis
1351 2939 1597 3010 ornamenta
1622 2920 1666 2996 in
1683 2916 1764 3026 pri·

762 3095 829 3146 ma
848 3065 1132 3145 adolescentia
1149 3064 1400 3160 adamasset,
1417 3063 1595 3145 timebat
1616 3095 1669 3144 ne
1685 3093 1764 3144 am·

766 3357 1761 3388 mnemoooooemueooe'mowm

823 3492 867 3568 (1)
885 3494 946 3550 Vir
961 3491 1229 3571 incomparabilis
1244 3493 1260 3570 (
1269 3497 1315 3552 sic
1331 3498 1401 3552 eins
1419 3495 1592 3574 imagine}
1602 3489 1763 3570 expressit

767 3597 947 3654 Petrarcba
954 3595 993 3672 ),
1010 3594 1052 3653 ad
1067 3613 1174 3672 ungue
1227 3593 1332 3652 factus
1348 3595 1444 3652 bomo
1456 3635 1481 3648 ..
1497 3595 1548 3651 .in
1572 3591 1761 3668 eloquentia

766 3695 875 3755 nullus
891 3715 972 3774 par,
988 3697 1085 3755 corda
1103 3615 1273 3800 bomibum
1289 3696 1435 3755 habebat
1454 3697 1486 3753 in
1505 3695 1674 3763 manibus,
1687 3711 1767 3770 quo·

762 3817 891 3876 cunque
905 3799 1055 3860 libuisset
1072 3799 1197 3858 animos
1212 3799 1417 3858 audientium
1428 3797 1578 3876 rapiebat
1589 3836 1596 3850 ·
1608 3835 1615 3850 .
1627 3799 1713 3859 .Iem
1729 3797 1761 3852 in

762 3901 909 3978 epistolis
926 3915 959 3960 et
975 3903 1009 3958 in
1024 3902 1218 3981 quotidiano
1233 3899 1396 3980 colloquio
1414 3913 1481 3958 tam
1499 3899 1606 3957 clarus
1616 3940 1625 3966 ‚
1635 3911 1673 3976 ut
1688 3917 1761 3955 cum

760 4001 815 4062 vel
829 4002 968 4080 legeres,
980 4003 1034 4065 vel
1048 4005 1177 4064 audiret
1186 4046 1196 4076 ,
1205 4025 1261 4063 cor
1275 4003 1345 4064 eius
1359 4005 1606 4082 introspiceret·
1624 4008 1694 4060 Seu·
1703 3999 1760 4058 lib.

763 4125 877 4184 xr-ep·
891 4127 916 4168 1·
933 4107 1068 4166 memini
1083 4120 1117 4165 et
1132 4108 1418 4168 mansuetudinem
1433 4108 1468 4165 iu
1483 4126 1521 4164 ea
1538 4105 1690 4172 fortuna,
1705 4102 1762 4160 hu·

763 4208 941 4268 militatem
964 4210 999 4267 in
1024 4209 1090 4268 illis
1105 4221 1156 4267 tot
1178 4222 1316 4295 naturae
1331 4210 1485 4279 dotibus,
1501 4209 1707 4268 honestatem
1725 4205 1761 4260 in
1876 4227 1881 4234 s

763 4327 800 4368 ea
817 4314 922 4390 specie
937 4315 1082 4391 corporis
1100 4312 1342 4371 admirandam.
1360 4317 1451 4370 Fam.
1467 4309 1525 4370 lib.
1541 4329 1587 4370 rr.
1604 4328 1653 4386 ep.
1670 4305 1698 4365 6.
