4184 5806
287 887 295 908 ⁶
329 889 422 942 rum
455 855 694 953 fuissett1)‚
728 853 860 964 quare
896 853 948 934 de
982 852 1058 933 illo
1094 854 1320 934 retinendo

329 1007 597 1092 vehementer
624 1003 949 1113 adlaborarunt.
975 1000 1197 1082 Dissuasor
1214 1028 1321 1109 quo-

330 1183 414 1262 que
448 1154 531 1234 fuit
553 1151 687 1232 tillim
720 1151 999 1261 profectionis
1030 1147 1323 1260 Anguillariae
1370 1133 1375 1144 ¹

330 1299 501 1396 Comes,
526 1302 601 1408 qui
637 1327 733 1378 cum
759 1299 889 1378 ¹illum
917 1298 1107 1410 bospitio
1133 1299 1322 1407 recepis-

329 1469 415 1542 set,
435 1449 790 1529 'existimationem
815 1476 900 1526 non
926 1446 1179 1527 mediocrem
1196 1475 1238 1526 se
1259 1475 1323 1524 ac-

332 1598 489 1705 cepisse
517 1595 721 1706 putabat.
758 1594 875 1674 Atia
904 1597 950 1672 in
979 1595 1198 1705 proposito
1224 1621 1327 1702 per·-

332 1747 481 1823 maneit
508 1743 677 1853 longius
708 1743 903 1835 ebrandi,
930 1761 972 1820 et
1006 1739 1240 1849 Hispanico
1275 1767 1324 1818 ac

332 1887 583 1969 Britannice
606 1889 757 1970 littora
781 1889 997 1981 visitavit,
1022 1916 1108 1968 non
1137 1886 1245 1981 alio,
1270 1907 1329 1966 ut·

335 2037 423 2144 ipsc
448 2055 656 2128 testatur,
676 2031 981 2128 consiliu-nisi
1005 2055 1054 2116 ut
1082 2033 1328 2119 libertatem

333 2202 606 2292 recuperaret
617 2177 676 2260 (²).
703 2179 769 2261 An
795 2181 878 2262 tibi
903 2181 1014 2262 liber
1039 2182 1214 2262 videtur
1240 2176 1326 2292 (sic

336 2409 1331 2436 mmmmommumffl

373 2503 485 2580 (1)De
509 2503 696 2579 Stephano,
711 2507 766 2580 qui
782 2503 942 2578 familiae
965 2508 1119 2582 princeps
1143 2519 1214 2562 erut
1222 2539 1236 2574 ,
1251 2505 1331 2584 leaeo

336 2608 510 2683 memoriae
533 2605 721 2666 mandauit.
747 2606 949 2684 Stephanum
970 2606 1009 2664 de
1034 2604 1210 2675 columne,
1227 2607 1336 2666 virum

334 2706 470 2764 cuilibet
485 2709 697 2785 antiquorum
714 2727 848 2786 parem,
864 2709 911 2766 ita
925 2707 1027 2778 colui,
1043 2721 1142 2784 atque
1158 2706 1207 2763 illi
1223 2709 1270 2764 ita
1285 2725 1334 2763 ac·

333 2821 447 2888 ceptus
462 2807 529 2881 sui,
544 2823 582 2870 nt
596 2811 682 2869 inter
698 2831 749 2870 me
764 2823 798 2868 et
824 2809 1004 2887 quemlibet
1025 2807 1166 2866 filiorum
1183 2805 1267 2864 nihil
1282 2807 1333 2864 di-

335 2925 423 2972 ceret
438 2915 609 2982 iuteresse.
625 2919 728 2976 Plura
745 2917 790 2976 orl
809 2919 917 2995 ipsum
931 2918 1067 2996 scripsit
1082 2916 1250 2988 connino,
1267 2929 1337 2972 cuni

335 3015 456 3076 videret
471 3019 581 3076 laudis
597 3020 690 3076 illius
703 3021 961 3098 gratulationem
978 3017 1189 3076 suom·eidem
1206 3035 1274 3073 esse
1291 3020 1338 3074 iu·

334 3099 473 3175 cuntium
480 3157 491 3190 ,
509 3133 540 3176 et
551 3123 675 3179 monito
685 3136 797 3200 grato.
811 3100 1023 3181 Monitionem
1035 3119 1179 3180 continet
1189 3137 1333 3191 carmen,

336 3221 430 3279 cuites
444 3236 492 3278 est
508 3225 641 3282 initium
653 3223 750 3284 Vinsc
765 3225 909 3287 Annibal
925 3245 1008 3295 eoo,
1019 3226 1276 3305 gratulationem
1291 3240 1338 3282 oe·

339 3323 425 3382 roob
448 3326 546 3384 uictos
569 3331 713 3384 Vrsinios
736 3347 866 3388 cannen
891 3328 1003 3400 aliud,
1026 3328 1066 3384 de
1089 3345 1149 3406 quo
1173 3326 1253 3384 boec
1269 3328 1336 3384 ait:

340 3413 481 3482 Subinde
497 3425 560 3483 tibi
575 3449 706 3486 carmen
722 3450 760 3486 ex
777 3450 849 3488 meo
864 3429 1035 3506 alienoque
1054 3427 1226 3495 contexui,
1242 3446 1279 3482 ea
1294 3425 1340 3482 le-

336 3541 391 3600 ge,
406 3538 444 3584 nt
459 3527 585 3604 primus
607 3549 715 3598 moue,
731 3529 889 3590 secundus
910 3530 1047 3590 alicuius
1066 3530 1199 3607 probuti
1218 3533 1332 3588 Poetae

340 3645 453 3688 versuo
467 3644 568 3704 esset,
591 3633 639 3692 ita
653 3645 691 3692 ut
712 3631 874 3710 legentem
898 3653 963 3692 non
979 3633 1217 3694 sententiarum
1239 3630 1334 3691 modo

336 3729 511 3790 artificiosa
524 3737 702 3805 connexio,
717 3736 772 3794 ecel
785 3736 961 3796 verborum
975 3755 1105 3813 quoque
1119 3733 1331 3795 consonantia

336 3829 531 3893 delectaret.
548 3842 615 3908 Qun
630 3838 666 3896 in
681 3857 715 3898 rc
731 3857 802 3896 ecce
819 3841 898 3899 novi
911 3840 1071 3898 Poematis
1086 3837 1177 3896 tenui
1193 3835 1268 3893 licet
1282 3835 1334 3892 in-

337 3935 492 3992 ventione
507 3937 691 4012 gloriabar,
713 3942 814 4000 donec
839 3943 937 4004 miano
951 3944 1016 4004 iam
1039 3942 1203 4007 carmine,
1219 3937 1336 4014 depre-

336 4035 436 4094 hendi
451 4035 531 4094 alios
546 4053 622 4098 ante
637 4061 687 4098 me
703 4043 763 4100 lioc
778 4063 877 4120 genus
892 4046 1048 4120 attigisse.

397 4137 443 4214 (a)
459 4137 541 4198 Vide
556 4157 612 4198 oro
628 4139 700 4216 (his
714 4145 815 4206 uerbis
831 4145 955 4224 affatur
969 4149 1183 4226 augustinum
1199 4144 1334 4204 hortun·

337 4257 419 4316 tcm,
442 4257 479 4302 ut
501 4243 563 4302 tibi
580 4243 665 4324 fugo
682 4247 883 4322 consuleret)
899 4249 987 4322 quod
1008 4249 1190 4324 praecipiat,
1208 4246 1334 4322 quoties

1141 4349 1155 4391 ⁶
