4180 5796
786 601 897 710 167

354 817 523 916 lor-tuna
556 807 721 902 fatalis,
746 825 795 884 ut
828 826 968 906 neque
999 795 1241 875 libertatem
1272 820 1346 870 ne-

355 991 439 1072 que
470 959 747 1068 dignitatem,
771 948 896 1057 longe
927 941 1174 1024 absentibus
1197 936 1346 1016 Rorna-

267 1084 273 1092 ’
355 1113 421 1190 nis
457 1100 750 1193 Pontificibus,
783 1119 1037 1202 recuperare
1070 1107 1233 1197 posset3
1268 1112 1347 1164 nee

357 1252 598 1366 praevideri
632 1271 722 1330 tum
756 1263 925 1355 poterat
962 1238 1076 1330 lore,
1105 1255 1154 1315 ut
1187 1229 1350 1341 Grego-

356 1403 444 1480 rius
461 1397 549 1494 XI,
573 1397 649 1503 qui
675 1391 848 1474 Vrbano
868 1385 907 1466 V
932 1415 996 1465 an.
1023 1406 1235 1462 uooonxx
1261 1407 1350 1458 suo·

358 1566 560 1642 cesserat„
587 1518 792 1623 Italorum
816 1533 1025 1616 desideria
1048 1529 1221 1611 tandem
1244 1548 1349 1608 esset

360 1694 628 1802 expleturus.
661 1686 854 1769 Noverat
878 1681 950 1762 hic
974 1707 1086 1787 quae
1117 1696 1252 1756 essent
1274 1673 1354 1752 hac

359 1841 413 1920 de
431 1870 476 1920 re
496 1836 673 1918 consilia
693 1827 968 1922 petrarchae,
990 1829 1080 1906 eius
1103 1823 1356 1933 prudentiae
1377 1913 1382 1922 ἡ
1423 1925 1426 1932 ¹

360 1985 591 2095 plurimum
608 1980 846 2072 tribuebat,
858 1997 900 2058 et
921 1975 1061 2056 omnia
1078 1999 1119 2052 se
1139 1975 1229 2057 eiua
1244 1996 1359 2049 oaus-
1411 2061 1416 2074 ¹

248 2235 258 2244 r
361 2161 406 2212 sa
419 2131 530 2212 velle
550 2130 706 2210 litteris
722 2124 1032 2210 humanissimis
1051 2119 1359 2201 declaraverat.
1386 2203 1391 2211 ,
1458 2185 1462 2194 .

363 2278 443 2360 Sed
469 2297 593 2358 erant
620 2273 735 2384 apud
755 2301 850 2354 eum
874 2270 1086 2363 homines,
1105 2269 1180 2375 qui
1205 2265 1258 2345 de
1284 2291 1363 2344 sua

362 2427 490 2534 magis
517 2425 688 2504 fortuna
708 2427 837 2527 atque
857 2419 1051 2525 potentia
1071 2443 1200 2521 quam
1225 2412 1278 2492 de
1304 2411 1366 2490 al-.

364 2573 496 2652 terius
512 2565 737 2648 commodis
752 2565 1028 2656 laborabant,
1040 2587 1230 2667 quasque
1243 2556 1364 2639 dedit

274 2747 278 2756 ·
363 2715 591 2798 Petraroba
620 2715 793 2796 litterae
827 2711 880 2792 ad
914 2711 1207 2792 amicissimum
1242 2732 1366 2786 suurn

363 2861 633 2944 Franciscum
659 2855 935 2953 Brunumb),
955 2859 1031 2965 qui
1055 2876 1146 2936 erat
1167 2851 1360 2934 Pontifici

364 3015 444 3120 ipsi
470 3010 525 3090 ab
547 3010 737 3118 epistolis
748 3069 767 3112 a.
779 3007 1001 3089 declarant
1023 3005 1200 3114 quidem
1223 3029 1268 3082 ae
1285 3029 1364 3084 ve-

365 3159 473 3236 nisse
498 3158 543 3236 in
570 3182 684 3266 spem
708 3155 896 3236 melioris
916 3155 1137 3248 fortunae,
1157 3150 1229 3238 sed
1253 3151 1363 3232 banc

368 3307 593 3398 abiecisse,
619 3305 677 3383 sio
703 3324 751 3384 ut
787 3323 898 3383 sorte
924 3303 1001 3382 illa
1025 3320 1251 3388 contentus
1277 3325 1362 3378 esse

365 3473 706 3564 cogeretur‚qua
724 3452 813 3533 tum
829 3450 1073 3529 fruebatur.
1092 3442 1246 3552 Neque
1256 3443 1363 3532 haec

363 3598 546 3680 hominis
571 3597 841 3678 mediocriter
870 3595 1131 3682 abundantis
1155 3593 1281 3674 fuisse
1301 3591 1365 3669 vi-

368 3745 513 3827 detur.
541 3745 613 3826 Ait
640 3748 770 3826 enim:
799 3741 942 3844 Habeo
968 3739 1037 3826 bie
1055 3737 1367 3853 praebendam,

368 3917 471 3998 quoe
494 3889 767 4001 mihiponem
793 3913 834 3970 et
860 3894 993 3984 uiuum
1021 3888 1096 4008 dot
1127 3885 1379 3997 rouretum!

327 4075 330 4081 ⁴
369 4077 1373 4136 mmmamwa

429 4215 474 4292 (r)
493 4218 568 4272 Var.
585 4219 644 4292 Ep.
659 4177 756 4275 xuni.
