4254 5824
351 855 408 938 Vt
444 852 745 935 Columnenses
778 851 866 944 sui,
891 851 967 958 qui
995 869 1086 928 tum
1113 845 1269 930 Romae
1295 879 1343 930 e·-

350 1023 468 1098 rant,
487 997 725 1108 Stephanus
743 1018 785 1078 et
806 995 986 1076 Iacobus
1006 994 1236 1078 audierunt
1256 1025 1340 1077 non

351 1151 475 1260 longe
502 1148 645 1228 abesse
669 1144 966 1242 Franciscum,
989 1145 1033 1224 'se
1061 1142 1343 1254 Capranicam

353 1296 653 1392 contulerunt,
678 1316 727 1378 ut
752 1323 848 1376 eum
874 1296 927 1375 ad
953 1293 1110 1374 Vrbem
1135 1283 1345 1373 militibus

351 1448 554 1556 stipatum
581 1446 863 1527 adducerent.
888 1442 1116 1525 Habitavit
1137 1463 1277 1523 autem
1301 1444 1346 1523 in

351 1594 442 1701 ipso
470 1591 686 1702 Capitolio
715 1593 829 1704 apud
855 1588 1007 1670 Vrsum
1032 1588 1345 1701 Anguillaram,

350 1743 427 1848 qui
451 1762 541 1821 tum
567 1742 820 1852 amplissimo
847 1768 1019 1821 munere
1039 1737 1203 1820 Vrbani
1224 1735 1348 1818 Sena-

352 1889 455 1966 toris
480 1888 763 1999 fungebatur,
782 1916 859 1968 nec
884 1889 1031 1968 satiari
1055 1907 1225 1996 poterat
1245 1886 1345 1970 dum

351 2034 723 2144 contemplabatur
758 2033 1004 2115 admiranda
1028 2030 1156 2112 Vrbis
1191 2057 1232 2112 et
1259 2062 1350 2112 mo-

350 2201 554 2263 numenta
573 2202 765 2265 veterum
785 2180 1089 2276 Romanorum,
1105 2181 1187 2261 sibi
1208 2202 1350 2293 gratu·

351 2325 442 2408 lans
466 2329 584 2436 quod
609 2357 868 2438 quacunque
892 2330 1212 2441 ingrederetur,
1237 2329 1282 2407 in
1310 2355 1350 2406 a-

349 2473 512 2582 liquam
530 2473 752 2559 historiam
767 2477 994 2586 vestigium
1014 2497 1209 2586 poneret.
1230 2473 1346 2553 Haec

351 2621 453 2700 dum
476 2622 724 2729 inquirebat
751 2649 837 2700 una
864 2650 959 2700 cum
984 2621 1143 2702 Ioanne
1170 2650 1194 2700 a
1219 2619 1254 2698 S.
1276 2619 1349 2697 Vi·

351 2787 418 2860 to,
444 2770 566 2846 cuius
593 2796 721 2877 supra
747 2769 1004 2847 mentionem
1034 2767 1229 2862 fecimus,
1256 2769 1347 2876 qui·

350 2938 435 3019 que
453 2936 679 3022 postquam
695 2914 847 2994 multas
861 2915 974 2993 orbis
988 2934 1195 2994 terrarum
1214 2917 1345 3024 regio·

348 3089 422 3166 nes
447 3063 672 3158 inviserat,
697 3085 811 3158 tum,
838 3059 946 3142 duce
973 3055 1221 3157 Petrarcha,
1243 3089 1347 3170 quo-

348 3207 568 3291 dammodo
603 3212 648 3288 in
684 3211 774 3318 ipsa
800 3212 941 3318 patria
974 3211 1235 3320 peregrinari
1262 3210 1342 3288 sibi

347 3351 751 3450 videbaturt1),non
772 3378 940 3465 poterat
961 3387 1046 3436 non
1065 3355 1266 3438 detestari
1286 3357 1345 3434 in-

349 3503 537 3585 colarum
556 3503 818 3598 vecordiam,
836 3505 954 3611 quod
979 3503 1055 3584 illa
1080 3525 1154 3585 aut
1174 3531 1344 3613 prorsus

348 3649 629 3758 ignorabant,
654 3671 728 3730 aut
753 3652 876 3760 parvi
904 3651 1007 3730 adeo
1034 3651 1273 3747 faciebant,
1292 3669 1340 3730 ut

348 3793 569 3882 mediocris
593 3819 795 3905 quaestus
820 3801 963 3912 gratia
988 3797 1226 3895 columnas,
1253 3821 1341 3892 sta-

348 3953 1344 4002 ‘mmo-‘mm

408 4041 453 4118 (1)
471 4042 590 4102 Multus
606 4045 646 4102 de
667 4046 832 4118 historiis,
858 4051 965 4127 inquit
981 4049 1159 4109 Petrorcba
1176 4053 1264 4129 ipse,
1280 4067 1346 4108 rer-
1463 4045 1466 4053 ’

347 4163 401 4202 rao
420 4157 507 4215 erat,
522 4166 602 4224 quas
625 4151 671 4206 ita
695 4153 813 4227 partiti
828 4153 1041 4225 videbamur,
1056 4167 1093 4213 ut
1115 4157 1149 4210 in
1173 4153 1266 4212 novis
1282 4165 1338 4220 tu,

344 4245 377 4300 in
394 4249 537 4324 antiquis
551 4267 609 4326 ego
624 4249 755 4308 viderer
770 4255 953 4330 expertinr.
