4184 5806
1228 640 1303 732 50

766 820 1091 916 militudinis,ut
1111 824 1144 900 si
1163 847 1257 900 cum
1276 821 1482 930 pacatiori
1502 841 1591 902 erat
1614 824 1752 902 animo

764 972 970 1052 virentem
988 968 1154 1050 laurum
1174 967 1346 1050 vidisset
1367 961 1436 1080 (id
1457 967 1539 1048 sibi
1559 969 1760 1050 accidisse

760 1119 820 1198 ait
857 1147 951 1200 cum
983 1145 1100 1196 secus
1125 1117 1226 1198 litus
1250 1113 1462 1230 Tyrrheni
1487 1117 1612 1196 maris
1638 1119 1762 1198 navi-

760 1257 907 1375 garet)
927 1263 980 1343 ad
999 1264 1289 1348 renovandum
1309 1263 1467 1344 bellum
1486 1267 1764 1361 invitaretur,

761 1413 795 1490 si
821 1440 921 1492 vero
949 1411 1132 1506 aridam,
1159 1433 1205 1492 ut
1231 1411 1307 1490 illa
1341 1415 1616 1493 reviresceret
1643 1433 1762 1522 opta-

760 1581 843 1655 ret,
858 1561 1007 1641 timens
1024 1589 1076 1639 ne
1096 1587 1192 1639 suus
1210 1588 1382 1668 quoque
1402 1582 1610 1642 aresceret
1624 1589 1758 1640 amor.

760 1705 876 1788 Haec
887 1705 1165 1790 deliramenta
1176 1706 1302 1786 fuisse
1315 1709 1474 1792 fatetur
1488 1735 1564 1790 ase
1575 1712 1667 1817 ipso
1681 1708 1760 1788 dis·

763 1857 939 1938 sidentis
960 1877 1089 1964 atque
1111 1853 1390 1936 discordantis
1415 1857 1572 1952 animi,
1603 1856 1760 1963 quibus

761 2006 841 2084 nisi
861 2004 1114 2084 medicinam
1134 2003 1414 2100 adhibuisset,
1433 2003 1556 2084 finem
1579 2005 1762 2084 miseria·

760 2181 853 2232 rum
871 2150 1037 2232 nullum
1056 2151 1144 2232 fore
1164 2153 1443 2263 praevidebat
1455 2149 1512 2229 (²).
1530 2149 1611 2231 Sed
1630 2150 1757 2230 redeo

762 2299 816 2378 ad
833 2327 999 2408 poema.

1173 2445 1327 2518 ΙΧΙΙΙ.

832 2591 958 2694 Quod
971 2593 1092 2674 nulla
1110 2625 1155 2675 re
1172 2599 1302 2706 magis
1318 2595 1616 2676 oblectabatur
1630 2617 1756 2700 quam

755 2741 1036 2824 Romanorum
1058 2743 1255 2838 historia,
1278 2771 1456 2849 quorum
1482 2741 1667 2821 illustria
1692 2769 1756 2849 ge

759 2993 1754 3017 WOOOOOWOOWOONWOOG

759 3073 846 3151 quod
862 3073 922 3134 illa
935 3075 995 3134 hoc
1012 3077 1143 3134 nomine
1160 3089 1351 3142 vocaretur,
1366 3077 1541 3136 adamasti.
1561 3084 1600 3136 In
1615 3091 1756 3136 extremo

755 3196 878 3256 qaoque
893 3179 974 3238 libro
990 3180 1151 3256 poematis
1168 3181 1239 3246 soi,
1261 3179 1314 3238 ubl
1339 3183 1444 3238 malta
1458 3181 1497 3239 de
1514 3199 1567 3252 se,
1583 3182 1663 3240 hoec
1678 3200 1757 3257 quae·

755 3301 815 3362 que
831 3285 902 3341 ait.-

798 3367 867 3444 'nic
883 3385 979 3443 modo
994 3395 1107 3443 tantus
1122 3405 1232 3454 amor,
1249 3398 1343 3444 tanta
1359 3399 1408 3446 est
1423 3385 1608 3447 reverentia
1626 3385 1730 3454 lauri,

808 3489 964 3548 Omnibus
980 3507 1019 3546 ex
1035 3487 1138 3567 sylvia
1154 3491 1218 3548 iam
1236 3509 1320 3548 nunc
1336 3490 1400 3548 sibi
1416 3494 1538 3568 gratior
1554 3511 1619 3550 una
1635 3503 1683 3548 est

811 3592 985 3670 Delphica.
1096 3629 1099 3636 ·

810 3739 855 3816 (a)
880 3741 961 3814 Qual
977 3743 1109 3816 grazia,
1126 3741 1203 3817 qual
1219 3761 1351 3810 amam
1368 3761 1387 3799 o
1404 3741 1481 3820 qual
1497 3743 1625 3802 destino

877 3917 883 3922 ·
917 3843 960 3900 Mi
976 3843 1055 3902 dara
1072 3863 1177 3920 penne
1195 3847 1229 3902 in
1245 3845 1336 3921 guisa
1352 3846 1385 3902 di
1401 3845 1551 3906 colomba

916 3944 1013 4002 Ch’io
1029 3949 1074 4004 mi
1091 3949 1211 4025 riposi‚
1227 3968 1244 4004 e
1260 3948 1374 4006 levimi
1390 3949 1430 4006 da
1447 3951 1557 4008 terra?

756 4047 820 4100 Hoc
836 4063 962 4101 carmen
979 4045 1028 4101 his
1044 4047 1235 4124 temporibus
1257 4069 1420 4117 exorasse,
1436 4065 1465 4108 es
1487 4052 1529 4108 ad
1553 4051 1749 4127 Dionysium

754 4164 850 4202 suum
865 4165 886 4203 a
902 4149 1008 4226 Buryo
1024 4151 1055 4206 S.
1068 4149 1225 4227 sepulcri,
1235 4152 1291 4228 qsss'
1309 4167 1376 4210 tum
1389 4155 1527 4232 Neapoli
1544 4154 1648 4212 sedem
1658 4172 1751 4210 suom

757 4248 980 4319 collocaverat,
996 4253 1119 4310 misisse
1134 4255 1272 4314 videtur.
