4260 5826
1204 568 1319 661 180

768 764 966 846 ordinare,
1001 789 1041 834 ac
1077 766 1226 861 scriptis
1254 769 1509 850 committere,
1539 787 1575 838 et
1602 787 1756 864 propter

768 888 963 979 quamdam
984 889 1230 972 honestatem,
1252 906 1288 957 et
1309 890 1358 959 ob
1386 890 1425 958 id
1446 891 1620 970 maxime,
1640 915 1687 959 ne
1709 890 1755 958 do

766 1009 982 1078 huiusmodi
1002 1011 1146 1082 rebulis
1166 1013 1272 1090 meis,
1289 1031 1443 1106 propter
1466 1037 1582 1081 meam
1597 1010 1759 1080 incurio-

764 1131 926 1212 sitatem,
949 1150 1030 1226 post
1046 1155 1169 1201 meum
1189 1133 1334 1202 obitum
1353 1134 1541 1230 litigetur.
1564 1133 1605 1201 ln
1627 1131 1757 1226 primis

765 1252 921 1320 animam
941 1277 1056 1321 meam
1076 1254 1340 1346 peccatricem,
1361 1255 1425 1324 sed
1454 1254 1626 1323 Divinam
1645 1253 1758 1320 mise-

764 1375 964 1444 ricordiam
995 1377 1256 1467 implorantem
1289 1395 1325 1444 et
1355 1377 1401 1444 de
1436 1378 1502 1444 illa
1530 1393 1761 1468 sperantem,

763 1497 1022 1566 recommendo
1038 1498 1234 1566 humiliter
1252 1497 1351 1568 IESV
1368 1499 1534 1568 Christo:
1553 1497 1683 1588 eique,
1699 1494 1755 1562 lle·

763 1618 819 1684 xis
857 1618 975 1711 ipsius
1005 1619 1147 1688 animae
1182 1619 1369 1715 genibus,
1398 1638 1489 1688 uta
1529 1643 1567 1687 se
1597 1635 1758 1686 creatam

766 1739 901 1832 suique
933 1741 1152 1808 sanctissimi
1183 1742 1376 1837 sanguinis
1402 1742 1526 1834 pretio
1554 1739 1759 1830 redemtam

761 1877 955 1956 protegat,
972 1863 1090 1930 affisus
1111 1865 1302 1956 supplico,
1323 1888 1392 1932 nec
1409 1863 1601 1956 permittat
1620 1859 1665 1928 ad
1681 1883 1760 1927 suo·

760 2007 845 2050 rum
861 2009 990 2054 manus
1006 1986 1170 2054 hostium
1180 1986 1401 2079 pervenire.
1414 1985 1470 2052 ad
1486 1985 1556 2052 hoc
1573 1982 1684 2050 etiam
1697 2004 1759 2048 au-

763 2105 899 2174 xilium
920 2106 1154 2177 beatissimae
1171 2107 1336 2203 Virginis
1360 2106 1489 2174 Matris
1506 2128 1606 2185 suae,
1620 2122 1656 2172 et
1677 2103 1760 2170 bea·

762 2225 794 2294 ti
824 2227 1017 2298 Michaelis
1047 2229 1292 2326 Archangeli,
1319 2249 1543 2298 reverenter
1570 2249 1609 2296 ac
1639 2223 1760 2292 fiden-

760 2363 817 2415 ter
840 2349 1017 2442 imploro,
1033 2370 1070 2420 et
1091 2351 1312 2420 Sanctorum
1333 2349 1573 2443 reliquorum
1588 2369 1684 2438 quos
1705 2345 1760 2410 iu·

759 2485 985 2538 tercessores
1000 2472 1101 2562 apud
1117 2469 1307 2539 Christum
1328 2470 1507 2538 invocare
1530 2489 1611 2534 sum
1626 2465 1758 2532 solitus

760 2613 801 2658 ac
818 2613 989 2683 sperare.
1004 2591 1150 2686 Corpus
1172 2609 1295 2662 autem
1310 2591 1381 2660 hoc
1397 2610 1594 2660 ter-renum
1608 2611 1649 2656 ac
1664 2607 1760 2652 mor-

761 2711 855 2790 tale,
872 2711 1058 2780 nobilium
1074 2737 1227 2808 gravem
1244 2713 1427 2783 sarcinam
1442 2711 1670 2787 animorum,
1686 2723 1760 2772 ter·

760 2855 845 2912 rae,
868 2833 967 2902 unde
997 2835 1103 2932 origo
1125 2854 1180 2904 est
1201 2835 1295 2916 sibi,
1317 2836 1404 2905 volo
1425 2832 1598 2902 restitui.
1621 2829 1664 2896 Et
1685 2828 1755 2896 hoc

761 2952 900 3046 absque
922 2955 1023 3024 omni
1044 2981 1195 3049 pompa,
1218 2956 1282 3026 sed
1304 2981 1391 3024 cum
1412 2979 1552 3024 summa
1572 2948 1759 3022 humilita-

759 3089 797 3142 te
819 3093 855 3142 et
879 3077 1105 3158 abiectione,
1122 3096 1263 3172 quanta
1283 3102 1362 3147 esse
1385 3095 1521 3170 potest·
1538 3075 1590 3142 De
1606 3095 1683 3165 quo
1699 3071 1761 3138 he·

758 3197 888 3265 redem
917 3221 1041 3268 meum
1067 3217 1105 3268 et
1137 3201 1273 3270 amicos
1302 3223 1428 3268 omnes
1454 3221 1563 3293 rogo,
1584 3194 1756 3270 obsecro,

759 3336 795 3388 et
811 3319 998 3401 obtestor,
1013 3339 1049 3389 et
1065 3319 1199 3390 adiuro
1222 3345 1289 3414 per
1307 3321 1454 3390 viscera
1474 3312 1757 3386 misericordiae

759 3439 828 3508 Dei
848 3443 985 3522 nostri,
1007 3459 1043 3510 et
1059 3466 1128 3535 per
1142 3442 1351 3522 caritatem,
1370 3442 1401 3509 si
1416 3463 1530 3534 quam
1545 3438 1590 3507 ad
1606 3460 1663 3504 me
1680 3455 1758 3501 um·

759 3585 871 3655 quam
901 3563 1130 3648 habuerint;
1151 3589 1277 3660 neque
1298 3564 1383 3632 falsi
1413 3586 1477 3656 spe
1502 3557 1659 3629 honoris
1687 3555 1757 3623 hoc

762 3684 970 3780 negligant.
998 3684 1091 3758 Cum
1121 3688 1172 3756 sic
1202 3687 1355 3756 omnino
1385 3707 1442 3752 me
1470 3683 1620 3758 deceat,
1643 3701 1684 3745 ac
1705 3675 1758 3742 sic

763 3805 894 3873 velim:
917 3807 969 3874 ita
984 3825 1045 3888 ut,
1061 3809 1092 3876 si
1114 3808 1212 3876 forte
1235 3803 1367 3901 (quod
1387 3804 1509 3890 absit)
1529 3796 1758 3870 contrafece-

764 3926 859 4006 rint‚
880 3908 1082 3998 teneantur
1099 3929 1176 3998 Deo
1200 3947 1236 3998 et
1259 3929 1352 3996 mihi
1372 3927 1417 3994 de
1433 3925 1540 4020 gravi
1555 3919 1756 4012 utriusque

763 4044 902 4118 offensa
917 4049 958 4118 in
972 4049 1072 4118 diem
1085 4049 1223 4118 ludicii
1244 4049 1489 4142 respondere.
1511 4045 1555 4114 Et
1571 4045 1662 4114 haec
1678 4039 1760 4134 qui·

766 4167 910 4240 demde
926 4169 1035 4242 domo
1057 4174 1292 4264 sepulturae3
1314 4173 1385 4242 boc'
1407 4169 1551 4248 addito,
1573 4166 1676 4260 quod
1697 4185 1761 4229 ne·
