4260 5826
816 637 935 734 173

378 820 421 902 la
441 851 541 906 vero
560 825 729 934 potiora
746 823 953 934 putabat,
971 847 1081 929 quae
1108 819 1160 900 ad
1187 817 1267 898 Dei
1288 817 1372 900 cul·

382 991 497 1066 tum,
523 972 697 1078 eiusque
723 998 846 1081 opem
869 966 1175 1082 implorandam
1194 969 1375 1077 pertine·

381 1118 509 1214 bant,
535 1120 579 1198 in
604 1118 760 1226 quibus
794 1137 880 1197 tam
902 1115 1083 1226 diligens
1112 1137 1154 1196 et
1185 1115 1374 1196 assiduus

382 1287 495 1362 erat,
519 1286 568 1346 ut
593 1268 721 1346 etiam
748 1263 883 1344 multa
903 1264 955 1344 de
980 1285 1107 1344 nocte
1134 1262 1377 1374 evigilaret.

382 1409 641 1492 Tenuissimo
653 1414 774 1494 victu
786 1430 1010 1557 conceptus
1023 1409 1276 1519 plerumque
1288 1409 1380 1490 her·

382 1561 446 1640 bis
481 1581 524 1640 et
552 1562 684 1670 pomis
709 1558 978 1654 vescebatur,
1009 1577 1052 1638 et
1078 1560 1177 1640 vino
1210 1583 1379 1668 prorsus

382 1705 652 1806 abstinebat,
670 1735 799 1816 quam
817 1708 873 1788 ob
892 1737 978 1788 rem
997 1707 1226 1816 plurimum
1244 1735 1381 1818 repre·

379 1853 534 1934 hensus
559 1855 643 1937 fuit
673 1883 698 1936 a
723 1853 883 1934 Ioanne
909 1852 1063 1936 Dondo
1093 1855 1256 1938 medico
1281 1855 1383 1936 illu·

381 2005 459 2084 stri
484 2001 714 2084 honoribus
740 2023 783 2084 et
807 2004 1004 2098 nomine,
1022 2005 1100 2114 qui
1125 2004 1258 2086 fretus
1284 2031 1381 2084 con·

382 2150 560 2230 scientia
584 2148 710 2230 officii
735 2151 823 2244 sui,
848 2141 1260 2260 benevolentiaeque
1287 2180 1311 2230 a
1338 2179 1380 2232 se

382 2317 498 2377 certo
524 2297 687 2378 iudicio
713 2321 962 2408 susceptae,
993 2297 1047 2378 ad
1076 2327 1172 2378 eum
1202 2299 1381 2380 liberius

383 2443 597 2524 scribebat
617 2473 728 2554 quae
750 2446 876 2526 saluti
902 2447 1033 2557 ipsius
1054 2447 1291 2528 conducere
1317 2475 1383 2528 ar·

382 2589 650 2674 bitrabatur.
678 2591 759 2674 Sed
785 2596 889 2674 isin
913 2596 1096 2703 pristina
1114 2597 1232 2677 vitae
1256 2597 1381 2676 ratio-

383 2767 436 2818 ne
471 2743 724 2850 permansit,
754 2742 1103 2851 cumquemulto
1135 2763 1261 2825 antea
1286 2771 1382 2852 pro·

382 2890 584 2995 spexisset
610 2891 693 2970 sibi
718 2912 893 2973 mortem
923 2891 1189 3000 impendere,
1214 2911 1383 3001 postre-

381 3061 447 3112 mo
477 3039 676 3118 nuntium
705 3039 1013 3147 quodammodo
1037 3042 1181 3122 amicis
1200 3039 1381 3133 remisit,

379 3165 446 3248 his
485 3172 625 3254 verbis
661 3174 863 3258 claudens
889 3177 1112 3288 epistolam
1137 3183 1191 3262 ad
1216 3184 1381 3266 Bocca-

380 3317 509 3396 tium:
537 3317 669 3400 valete
693 3324 846 3411 amici,
865 3322 997 3404 calere
1015 3327 1231 3436 epistolae.
1259 3330 1379 3412 Pror-

380 3489 448 3542 sus
475 3465 625 3548 salutis
650 3489 769 3550 certa
794 3499 866 3582 spe
892 3495 1172 3572 sustentatus,
1194 3479 1378 3560 inbonis

380 3615 566 3720 ponebat
601 3607 717 3698 vitae
750 3619 831 3698 sibi
866 3618 991 3700 finem
1027 3623 1168 3705 adesse
1193 3623 1263 3722 (¹),
1300 3657 1379 3710 cu-

380 3758 445 3836 ius
479 3760 640 3841 indicia
676 3793 762 3845 esse
797 3789 1030 3878 potuerunt
1066 3777 1252 3883 corporis
1286 3775 1378 3856 lan-

379 3932 508 4015 guor,
534 3906 777 4016 frequentes
801 3914 965 4014 febres,
989 3947 1172 4028 quarum
1196 3924 1240 4003 vi
1265 3922 1380 4004 iden·

382 4125 1381 4174 mmmmm-mmm„

443 4229 488 4309 (r)
504 4233 576 4292 Vid.
592 4238 664 4294 Seu.
679 4237 748 4306 Lib.
763 4243 850 4300 vm.
866 4247 922 4320 Ep,
939 4263 978 4306 rr·
992 4258 1026 4304 et
1040 4246 1108 4308 Lib·
1125 4250 1192 4310 XV·
1208 4252 1264 4328 Ep.
1280 4271 1311 4310 v.
