4254 5824
807 671 875 766 ³9

353 859 408 934 ris
434 875 476 932 et
501 852 648 932 divina
672 849 736 934 vis
767 851 924 960 poetici
956 850 1116 961 ingenii
1147 873 1342 959 apparet.

352 1000 495 1102 Quare
513 1001 684 1080 minime
701 1019 762 1077 est
781 997 1039 1092 mirandum,-
1058 999 1112 1092 si,
1132 1018 1236 1078 teste
1251 997 1347 1076 Phi-

351 1150 470 1259 lippo
490 1147 700 1244 Villanio,
726 1149 764 1227 ei
791 1149 1038 1259 contigerit,
1062 1146 1178 1254 quod
1204 1147 1344 1226 nescio

354 1325 407 1376 an
431 1295 510 1376 ulli
540 1317 632 1406 post
656 1295 874 1376 hominum
898 1297 1161 1389 memoriam,
1186 1315 1233 1376 ut
1262 1322 1347 1373 non

353 1447 475 1555 pueri
501 1444 623 1524 modo
647 1443 971 1554 puellulaeque,
998 1445 1070 1525 sed
1095 1465 1138 1524 et
1164 1471 1279 1523 senes
1302 1443 1348 1522 il·-

352 1593 434 1673 lius
456 1595 689 1674 carminum
707 1593 932 1674 dulcedine
952 1595 1090 1702 capti,
1109 1591 1185 1672 illa
1204 1620 1351 1672 memo-

352 1739 456 1820 riter
478 1742 713 1822 ediscerent
732 1761 861 1848 atque
880 1757 1096 1819 canerent.
1123 1737 1256 1819 Erant
1273 1743 1348 1848 qui
1406 1819 1409 1826 ,

354 1915 534 1968 amorem
560 1918 584 1967 a
609 1915 802 1968 sensuum
837 1887 1071 1984 illecebris,
1097 1885 1351 1998 cupiditati-

352 2035 516 2144 busque
535 2037 698 2148 seiungi
716 2033 833 2118 haud
851 2061 970 2144 posse
990 2037 1222 2145 putabant,
1242 2063 1351 2116 cum·

353 2209 436 2290 que
453 2181 562 2262 nihil
583 2182 824 2264 huiusmodi
843 2185 889 2262 in
912 2184 1170 2263 carminibus
1191 2181 1350 2262 Petrar·

353 2328 476 2426 chae,
502 2359 613 2440 quae
639 2335 751 2412 omni
777 2361 828 2412 ex
854 2353 975 2442 parte
1002 2332 1287 2412 castimoniam
1312 2360 1351 2409 o·

352 2475 466 2574 lent,
493 2501 742 2589 appareret,
764 2477 822 2558 'ab
854 2509 902 2558 eo
928 2481 1204 2588 quaesierunt
1235 2477 1350 2558 fictas

353 2651 406 2701 ne
436 2651 490 2703 an
515 2653 636 2708 veras
667 2627 916 2738 expresserit
944 2653 1065 2705 curas
1091 2623 1220 2731 atque
1246 2651 1351 2730 que-

354 2765 483 2848 relas?
500 2769 693 2869 Utinam,
708 2773 944 2883 respondit,
956 2801 1010 2851 ne
1029 2799 1094 2850 me
1113 2797 1229 2849 meus
1246 2799 1352 2850 moe·

354 2941 423 2994 ror
441 2915 686 3026 lacerasset,
707 2943 749 3002 et
769 2917 1024 3002 simulassem
1042 2921 1216 3015 sentire,
1236 2918 1351 3027 quod

353 3088 398 3140 re
416 3090 517 3144 vera
535 3068 817 3148 miserandum
842 3071 887 3148 in
904 3069 1073 3149 modum
1085 3067 1350 3158 'sentiebam3

353 3209 425 3289 sed
442 3203 568 3292 'nulla
598 3216 812 3296 simulatio
844 3217 1049 3297 diuturna
1074 3241 1159 3295 esse
1190 3234 1351 3324 potest,

352 3359 453 3435 etis
479 3339 631 3441 stultus
659 3362 887 3442 habendus
915 3367 1147 3472 esset‚'qui
1172 3361 1349 3442 multum

352 3499 587 3602 laboraret,
606 3529 654 3588 ut
680 3509 835 3590 stultus
854 3511 1095 3590 videretur.
1122 3507 1172 3588 In
1193 3534 1348 3587 summo

352 3647 496 3730 dolore
520 3653 600 3733 hoc
620 3648 945 3738 unum'lortasse
959 3655 1207 3768 gaudebat,
1233 3653 1348 3774 q¹l⁰d

353 3813 395 3872 et
422 3821 541 3876 suum
560 3795 608 3879 et
639 3799 805 3884 Laurae
837 3831 989 3885 nomeu
1014 3804 1181 3884 illustre
1204 3801 1352 3881 reddi-

354 3938 504 4022 disset.
542 3943 649 4025 Sane
680 3978 765 4029 non
794 3953 1022 4032 mediocria
1058 3979 1135 4030 nec
1166 3977 1349 4028 commu-

353 4085 425 4163 nia
448 4085 625 4196 habuit,
650 4121 760 4198 quae
792 4099 836 4176 in
862 4099 953 4206 ipsa
985 4097 1201 4191 laudaret,
1227 4125 1351 4205 prae-

354 4249 420 4308 ter
452 4235 647 4315 eximiam
681 4239 1064 4348 pulchritudinem.
1090 4241 1200 4322 Nam
1225 4241 1348 4319 melle
