4260 5826
771 627 880 743 169

336 834 498 914 etiamsi
519 827 698 916 deberem
715 824 876 908 libellos
894 851 998 906 meos
1009 827 1254 936 pignorare,
1271 823 1331 903 oel

335 979 525 1061 vendere.
564 977 627 1058 Ex
658 976 724 1059 his
760 975 936 1086 quidem
972 973 1157 1085 intelligi
1189 995 1329 1084 potest

336 1129 622 1210 conditionem
656 1124 784 1205 talem
820 1123 946 1202 luisse
984 1119 1254 1218 Petrarchae,
1285 1142 1333 1202 ut

337 1277 497 1389 gloriae
533 1273 665 1369 nihil,
697 1273 892 1354 fortunae
920 1297 1070 1381 parum
1098 1291 1236 1379 posset
1267 1299 1334 1350 ac-

338 1423 508 1518 cedere,
543 1425 670 1532 quam
693 1423 729 1501 'si
763 1421 907 1532 augeri
934 1416 1147 1500 Pontificis
1172 1416 1335 1499 benefi-

344 1575 420 1652 ciis
448 1573 720 1681 concupivit,
746 1598 826 1650 nae
855 1567 928 1648 ille
955 1596 1105 1678 parum
1129 1565 1337 1647 moderati

341 1722 468 1800 animi
503 1721 667 1832 signum
702 1717 847 1798 dedit.
884 1717 1121 1826 Eapropter
1155 1711 1340 1796 Avenie-

340 1895 461 1964 nem,
487 1833 842 1976 quemadmodum
867 1865 1157 1960 invitabatur,
1180 1860 1341 1973 profici·

341 2015 398 2094 s'ci
415 2014 750 2110 deliberaverat,
763 2013 996 2122 eodemque
1017 2019 1205 2122 tempore
1217 2009 1342 2090 Peru·

342 2162 443 2241 siam
462 2163 705 2274 cogitabat,
724 2187 810 2268 quo
831 2165 1010 2241 venerat
1029 2157 1244 2240 Pontificio
1262 2157 1341 2237 Le·

342 2307 762 2420 gatus'Cabassolius
789 2307 1053 2404 Cardinalis‚¹
1078 2336 1203 2416 quem
1229 2307 1340 2386 omni

343 2463 530 2565 tempore
555 2458 631 2536 'sui
674 2455 1021 2538 studiosissimum
1061 2436 1341 2566 cognoverat.

344 2599 425 2681 Sed
443 2633 497 2682 ne
515 2603 620 2684 haec
640 2625 925 2714 exequeretur
945 2605 1208 2684 obstiterunt
1231 2602 1346 2684 vale·

343 2750 506 2830 tudinis
525 2752 802 2832 incommoda.
819 2750 1017 2862 Corp0ris
1031 2753 1245 2858 animique
1265 2779 1344 2829 me·

344 2895 531 3020 dieinam
555 2902 767 3007 quaesivit
794 2929 842 2980 eo
868 2903 913 2980 in
937 2897 1235 3011 Euganeorum
1259 2896 1345 2978 eol-

346 3043 450 3124 lium
476 3046 588 3142 loco,
613 3049 690 3155 qui
717 3045 921 3156 Arquada
946 3049 1123 3144 dicitur,
1149 3050 1225 3128 ubi
1250 3075 1344 3157 par·

344 3219 438 3272 vam
468 3192 709 3278 aedificavit
736 3199 929 3292 domum,
954 3196 1151 3277 decoram
1182 3216 1343 3291 tamen,

344 3359 392 3418 ut
427 3343 517 3448 ipse
552 3342 637 3436 ait,
672 3363 714 3422 et
748 3343 991 3438 honestam,
1024 3345 1068 3421 in
1099 3371 1186 3451 qua
1209 3345 1342 3424 vitam

347 3487 524 3566 otiosam
549 3508 592 3569 et
626 3491 817 3596 quietam
853 3495 897 3572 in
923 3492 1164 3572 litterarum
1187 3492 1345 3600 gremio

345 3635 458 3712 etin
495 3637 590 3718 sinu
615 3635 727 3718 filiae
763 3659 805 3720 et
831 3641 976 3753 generi
999 3638 1226 3720 traducere
1258 3659 1346 3719 sta-

347 3780 454 3859 tuit.
480 3779 547 3862 Ab
565 3783 645 3866 hac
665 3807 831 3884 tamen,
850 3816 976 3896 quam
1002 3809 1226 3896 tantopere
1250 3786 1348 3865 ada-

349 3925 519 4023 mabat,
543 3931 799 4030 solitudine,
823 3965 865 4017 se
893 3935 1254 4046 abstrahi'passus
1284 3953 1346 4014 est

347 4067 528 4154 hominis
548 4103 715 4176 caussa,
739 4080 792 4159 de
812 4109 899 4190 quo
919 4083 1060 4166 dicere
1088 4084 1273 4178 solebat,
1286 4084 1351 4213 qi·

347 4213 411 4298 hil
437 4248 522 4302 esse
549 4244 719 4308 tantum
742 4231 859 4338 quod
879 4229 996 4312 illius
1014 4233 1160 4314 caussa
1177 4259 1261 4311 non
1279 4229 1350 4309 de·
