4254 5824
780 818 1010 900 Arduenna
1035 819 1142 904 silve
1167 821 1516 931 exprobrantem,
1540 824 1658 931 quod
1684 853 1708 904 a
1733 851 1774 905 se

782 965 1063 1064 discessisset,
1090 989 1133 1049 et
1165 969 1211 1047 in
1242 977 1365 1078 spem
1382 967 1663 1050 adducentem
1687 973 1775 1054 fore

778 1137 826 1198 ut
846 1145 898 1196 ex
916 1117 1098 1213 duritie,
1124 1119 1157 1195 si
1175 1137 1338 1197 mature
1358 1117 1571 1213 rediisset,
1592 1119 1645 1198 ad
1663 1147 1777 1198 man-

777 1266 1043 1346 suetudinem
1077 1293 1275 1348 revocare
1309 1287 1468 1376 posset.
1495 1265 1635 1346 Falso.
1665 1265 1775 1348 Nam

741 1437 748 1446 ·
774 1415 1026 1526 gravissimis
1045 1415 1186 1494 verbis
1205 1441 1230 1492 a
1247 1414 1569 1510 femina,cuius
1593 1439 1687 1498 erat
1705 1447 1774 1498 ca·
1834 1459 1838 1466 ·

776 1564 971 1642 stimonia
996 1580 1135 1657 tanta,
1162 1581 1210 1641 ut
1235 1560 1399 1642 velaret
1423 1589 1490 1658 os,
1515 1591 1569 1642 ne
1599 1567 1774 1645 satiaret

776 1712 1021 1827 adspectum
1032 1709 1359 1820 ,reprehensus
1388 1710 1501 1806 iuit,
1533 1711 1663 1818 quod·
1684 1739 1709 1790 a
1732 1739 1781 1789 se

777 1885 869 1938 eom
903 1859 1138 1940 mercedem
1173 1855 1375 1970 exigeret
1395 1857 1639 1954 choritatis,
1664 1885 1780 1967 quae

774 2037 858 2086 non
890 2003 1128 2119 longissime
1163 2008 1217 2087 ab
1250 2008 1362 2088 omni
1388 2005 1623 2116 voluptatis
1655 2031 1776 2086 sensu

773 2176 879 2256 esset
913 2155 1144 2235 disiuncta.
1177 2151 1270 2234 Hoc
1298 2153 1779 2264 ipsodiscruciabatur,

774 2304 890 2412 quod
911 2332 1027 2382 amor
1043 2323 1186 2384 tantus
1200 2301 1423 2382 'exhauriri
1441 2331 1526 2382 non
1551 2323 1689 2412 posset
1716 2299 1778 2380 ul·

778 2449 820 2530 la
848 2452 1046 2562 repulsa,
1080 2452 1255 2563 oderat,
1283 2477 1395 2558 quae
1422 2451 1555 2530 'antea
1589 2449 1777 2556 quaesie-

775 2621 865 2696 rat,
891 2599 1067 2694 solatia,
1093 2599 1284 2710 suspiriis
1309 2595 1439 2707 atque
1466 2598 1689 2708 lacrymis,
1705 2598 1708 2610 '
1723 2616 1773 2676 ut

772 2749 837 2828 ita
860 2747 1019 2844 dicam,
1046 2747 1387 2842 sustentabatur,
1406 2774 1535 2854 seque
1553 2742 1778 2826 vehemen-.

773 2915 839 2976 ter
864 2895 1114 2992 accusabat,
1133 2897 1249 3005 quod
1271 2925 1370 2976 suae
1396 2896 1510 2977 vitae
1530 2896 1667 3002 ipsum
1686 2911 1773 2972 tae-

774 3040 914 3140 deret,
926 3046 1129 3153 quodque
1149 3045 1238 3125 huc
1251 3067 1295 3126 ct
1313 3044 1417 3124 illuc
1436 3043 1590 3152 passim
1600 3059 1649 3120 'et
1668 3065 1773 3118 moe

776 3211 838 3271 ste
871 3219 1028 3303 vagans
1062 3192 1281 3306 colligeret
1317 3191 1522 3297 undique*
1547 3215 1657 3296 quae
1684 3183 1779 3266 'non

777 3338 831 3416 ad
858 3341 1167 3451 extinguenda,
1194 3341 1263 3422 vel
1299 3339 1446 3421 saltem
1471 3338 1675 3431 sedanda,
1699 3335 1772 3415 sed

774 3489 904 3598 magis
930 3491 1146 3599 magisque
1180 3488 1478 3570 inflammanda
1502 3515 1577 3566 sua
1607 3485 1775 3564 deside-²

773 3635 838 3713 ria
869 3637 1179 3718 conducerent.
1220 3637 1337 3717 Idem
1372 3633 1552 3716 nil'tarn
1576 3633 1781 3740 concupis

773 3784 836 3863 vit
861 3813 988 3892 quam
1005 3784 1164 3864 habere
1187 3784 1357 3864 Lauroe
1376 3811 1475 3863 suae
1495 3786 1654 3893 pictam
1673 3784 1770 3858 ima·

772 3932 912 4042 ginem
939 3961 963 4010 a
987 3929 1157 4012 Simone
1182 3931 1364 4012 Memmo
1393 3929 1590 4025 Senensi,
1614 3931 1692 4035 qui
1714 3923 1771 4004 A·

773 4082 997 4161 venionem
1029 4101 1205 4164 venerat
1241 4082 1295 4162 ad
1330 4077 1591 4162 exornandas
1628 4078 1770 4186 pictu-

773 4231 829 4308 ris
847 4229 1090 4312 Pontificias
1111 4232 1240 4312 eedes
1257 4226 1275 4342 (
1286 4259 1406 4312 nemo
1425 4231 1537 4310 enim
1562 4225 1646 4306 illis
1666 4245 1767 4304 tem·-
