4254 5824
810 650 887 744 27

352 872 422 925 ree
448 868 571 936 suae,
595 837 649 918 de
676 835 744 917 his
766 861 940 946 quoque
965 863 1050 934 non
1074 862 1159 914 uno
1182 836 1228 914 in
1253 835 1348 916 loco

351 992 607 1074 mentionem
635 985 764 1082 fecit,
789 986 871 1066 nisi
902 982 1045 1063 dicere
1068 980 1246 1064 velimus
1272 981 1347 1065 bos

352 1134 605 1248 Triumphus
635 1133 797 1214 idcirco
827 1157 1040 1226 exarasse,
1065 1150 1114 1212 ut
1141 1131 1347 1242 originem

353 1308 396 1367 et
421 1310 585 1365 caussas
605 1285 669 1363 sui
696 1283 844 1362 amoris
870 1300 1102 1391 exponeret
1127 1280 1350 1390 probaret-

352 1461 440 1542 que
474 1459 525 1512 ex
560 1413 757 1513 oninibus
792 1431 921 1512 animi
953 1427 1351 1540 perturbationibus

353 1579 513 1662 nullam
531 1579 892 1663 vehementiorem
910 1603 996 1660 esse
1017 1579 1167 1658 amoris
1186 1575 1350 1674 furore,

352 1749 488 1836 utque
508 1729 666 1810 divinis
685 1711 885 1808 laudibus
907 1748 1078 1807 ornaret
1093 1749 1207 1820 ‘eam‚
1222 1752 1352 1833 quam

354 1878 399 1954 in
419 1873 552 1955 oculis
569 1875 750 1972 tulerat,
771 1901 898 1984 seque
920 1875 1056 1984 ipsum
1076 1875 1283 1955 excitaret
1303 1873 1354 1952 il-

355 2021 438 2104 lius
464 2022 658 2133 exemplo
677 2021 732 2102 ad
751 2043 928 2103 mortem
956 2041 998 2102 et
1028 2020 1182 2100 famam
1208 2039 1350 2100 conte-

356 2171 604 2268 mnendam,
624 2193 666 2253 et
692 2171 745 2251 ad
770 2197 917 2253 verum
940 2170 1070 2250 decus
1089 2167 1353 2277 amplecten-

355 2319 477 2415 dum,
498 2320 615 2428 quod
639 2349 725 2400 non
743 2320 944 2399 obruitur
967 2317 1184 2398 hominum
1209 2319 1353 2398 interi·

356 2486 430 2560 tu,
455 2487 497 2546 et
524 2467 738 2548 oblivione
764 2469 1030 2577 posteritatis
1056 2469 1346 2578 extinguitur,

358 2631 400 2692 et
420 2637 498 2721 per
515 2613 631 2720 quod
650 2641 781 2692 unum
807 2614 971 2693 aditum
997 2613 1050 2691 ad
1077 2614 1262 2708 caelum,
1276 2614 1353 2694 ubi

358 2786 453 2838 cum
489 2759 702 2839 amoribus
737 2763 821 2840 suis
855 2761 984 2840 beato
1017 2785 1065 2838 ac
1099 2760 1355 2868 sempiterno

358 2931 463 2986 aevo
488 2904 723 3003 frueretur,
747 2907 989 3016 patefacere
1015 2905 1096 2984 sibi
1123 2933 1240 3018 posse
1266 2935 1353 3019 spe·

358 3052 503 3132 rabat.

800 3310 911 3384 v11.

441 3489 669 3601 Postquam
695 3492 748 3572 de
768 3495 946 3602 poeticis
972 3491 1227 3574 Petrarchae
1253 3497 1355 3574 scri-

358 3641 466 3746 ptis,
485 3643 644 3748 quibus
664 3643 853 3750 patrium
873 3669 1103 3724 sermonem
1122 3642 1353 3751 plurimum
1411 3713 1420 3722 ,

359 3783 518 3888 ditavit
545 3793 827 3900 ornavitque,
846 3793 947 3872 satis
972 3791 1179 3886 diximus,
1205 3818 1354 3902 super-

361 3953 449 4028 est,
474 3955 523 4014 ut
550 3937 606 4018 de
630 3937 798 4022 Latinis
822 3969 996 4050 quoque
1020 3940 1228 4021 dicamus.
1255 3938 1355 4018 Tres
1437 4021 1441 4030 ,

364 4082 452 4190 ipse
478 4085 754 4193 epistolarum
773 4085 940 4186 fibros,
966 4088 1188 4170 duodecim
1222 4115 1355 4195 usque

363 4225 563 4340 bologne,
584 4253 626 4312 et
648 4236 718 4315 vel
736 4263 886 4342 poema
904 4237 1119 4330 condidit,
1133 4238 1178 4316 in
1197 4237 1354 4342 quibus
