4260 5826
785 661 901 753 155

351 844 484 940 verit,
507 862 550 922 et
585 841 797 924 deteriora
821 863 989 924 secutus
1015 821 1170 938 fuerit3
1204 843 1339 923 nihilo

352 1013 491 1072 tamen
525 993 663 1072 minus
697 1009 858 1072 tantam
887 993 1088 1086 virtutis,
1121 991 1341 1070 doctrinae

243 1127 246 1132 ¹
349 1135 715 1246 humanitatisque
749 1138 836 1219 vim
868 1137 914 1218 in
950 1134 1180 1216 Petrarcba
1218 1136 1344 1218 fuisse

351 1283 574 1380 fateberis,
594 1305 668 1380 ut,
694 1285 823 1366 etiam
847 1285 881 1364 si
905 1283 982 1364 illa
1006 1304 1148 1365 aetate
1173 1309 1267 1364 cum
1292 1313 1343 1364 eo
1437 1312 1442 1322 ·

356 1432 479 1513 multi
515 1431 849 1528 contenderent,
883 1457 1024 1513 omnes
1055 1429 1122 1522 his
1153 1429 1351 1510 laudibus

353 1608 552 1690 superare
575 1579 702 1662 facile
727 1601 885 1690 posset.
911 1577 974 1658 Ex
991 1577 1057 1658 his
1076 1579 1176 1688 ipsis
1195 1576 1350 1658 litteris

353 1727 567 1838 intelliges
592 1729 745 1836 quanti
765 1729 893 1808 animi
910 1727 1041 1808 luerit
1062 1725 1270 1805 barbarae
1288 1728 1351 1804 in-

354 1875 502 1954 scitiae
543 1902 591 1954 ac
625 1874 918 1983 superstitioni
955 1873 1172 1966 resistere,
1197 1893 1350 1985 tyran-

353 2045 457 2113 nos,
484 2022 563 2127 qui
599 2019 676 2102 diu
704 2021 902 2102 civitates
935 2020 1140 2102 servitute
1170 2043 1347 2128 oppres-

354 2191 419 2246 sas
445 2166 674 2263 tenebant,
700 2169 925 2262 insectari,
954 2193 1102 2276 pacem
1127 2164 1354 2274 Rebuspu-

352 2309 477 2392 blicis
502 2339 757 2423 procurare;
782 2315 942 2396 miseris
967 2311 1053 2394 illis
1077 2333 1120 2394 et
1148 2312 1352 2394 luctuosis

353 2461 615 2567 temporibus
639 2489 724 2542 non
759 2461 883 2542 modo
919 2459 1097 2555 Italiae,
1121 2461 1192 2540 sed
1224 2462 1352 2540 etiam

354 2600 526 2686 Galliae
562 2625 605 2690 et
646 2605 901 2690 Germaniae
935 2609 1183 2701 subvenire,
1217 2608 1355 2686 omni-

353 2749 520 2860 busque
553 2753 696 2836 lumen
735 2756 896 2866 ingenii
930 2754 1182 2862 consiliique
1212 2757 1275 2834 sui
1305 2781 1355 2832 o-

355 2899 568 2982 stendere.
595 2900 691 3002 Quo
716 2903 958 2986 liberiorem
983 2903 1199 2985 scribendi
1224 2922 1354 2984 mate·

356 3045 461 3128 rictu
477 3045 681 3148 haberet,
703 3049 758 3130 ad
776 3053 934 3145 vitam,
957 3072 1006 3132 ut
1031 3053 1094 3130 ita
1112 3051 1273 3145 dicam,
1292 3077 1353 3128 re·

354 3193 526 3272 vocavit
552 3192 809 3294 Varronem,
846 3195 1122 3293 Ciceronem,
1157 3195 1352 3290 Livium,

355 3331 556 3418 Senecam
577 3341 765 3450 alimque
785 3348 1058 3452 antiquitatis
1076 3343 1263 3426 illustres
1280 3342 1355 3424 ho·

355 3484 509 3581 mines,
527 3489 717 3571 omnium
739 3489 915 3572 laudans
933 3493 1175 3604 ingenium,
1193 3511 1236 3570 et
1256 3516 1355 3596 quo·

354 3629 568 3729 rumdam,
595 3635 721 3716 sicuti
748 3632 967 3720 Ciceronis
992 3659 1034 3720 et
1061 3636 1264 3733 Senecae,
1283 3636 1353 3718 vi-

358 3771 421 3852 tia
444 3777 779 3884 reprehendens
814 3781 1009 3864 Profecto
1041 3781 1104 3864 nil
1136 3805 1221 3866 tam
1246 3781 1358 3864 indi·

356 3943 437 4026 gne
458 3917 622 4002 ferebat
643 3923 894 4027 Petrarcha,
916 3933 1095 4041 quamsi
1115 3931 1229 4014 facta
1249 3959 1272 4010 a
1297 3928 1357 4008 di·

356 4065 436 4144 ctis
471 4065 783 4180 discreparent,
815 4099 859 4157 et
890 4079 962 4160 hic
987 4083 1158 4162 virtutis
1191 4105 1352 4188 semper

355 4207 581 4312 laudator,
607 4243 770 4328 semper
795 4243 965 4320 auctor,
990 4225 1091 4306 dum
1118 4252 1186 4306 eos
1211 4222 1355 4304 effere-
