4254 5824
813 645 883 731 15

350 832 511 911 bitione
546 827 805 932 levitateque
841 823 1074 906 laberetur.
1107 819 1187 904 Sed
1212 853 1344 932 quan-

352 1006 479 1086 quam
497 973 639 1056 multis
657 971 911 1068 virtutibus,
930 993 978 1054 ut
996 971 1236 1066 moenibus,
1257 975 1346 1054 ani-

349 1154 460 1206 mum
480 1145 644 1233 septum
660 1120 860 1214 haberet,
875 1115 921 1200 (¹)
944 1117 1059 1237 hunc
1073 1139 1213 1200 tamen
1233 1147 1345 1200 amor

352 1272 627 1354 labefactavit
637 1271 650 1350 .“

761 1623 765 1638 .
814 1527 885 1600 tv.

424 1713 525 1795 Erat
548 1741 682 1794 annus
702 1711 1088 1804 mcccxxv11,dies
1107 1738 1207 1790 vero
1227 1706 1350 1819 Apri-

349 1861 400 1940 lis
418 1861 621 1971 postridie
640 1886 790 1954 nonas‚
810 1858 982 1966 quando
1001 1849 1045 1938 i'n
1065 1856 1180 1940 Aede
1199 1856 1235 1938 S
1254 1857 1349 1940 Cla·-

349 2037 443 2104 rae‚
468 2037 554 2116 quo
579 2006 796 2118 religionis
821 2034 966 2088 caussa
984 2027 1158 2087 venerat
1184 2035 1233 2086 eo
1258 2009 1348 2117 ipso

349 2156 418 2237 die
453 2155 674 2236 memoriae
709 2150 868 2234 Christi
893 2154 1036 2236 mortis
1062 2153 1226 2250 dicato,
1253 2185 1348 2238 cum

349 2302 459 2383 vidit'
482 2302 701 2396 feminam,
719 2328 847 2409 quam
872 2302 1143 2410 conspicuam
1164 2301 1348 2384 faciebat

348 2451 501 2530 eximia
514 2447 807 2558 pulchritudo,
825 2448 1347 2560 vestiumelegantiaviri*

349 2596 393 2676 di
413 2595 571 2690 colore,
597 2620 703 2704 quas
727 2595 869 2703 pictae
887 2593 1049 2691 violae,
1073 2618 1115 2676 et
1134 2627 1263 2678 aurea
1282 2627 1346 2705 ce·

348 2745 475 2826 saties
514 2743 860 2854 distinguebant,
902 2743 1085 2824 incessus
1127 2744 1347 2856 dignitatis

351 2893 521 3002 plenus,
542 2891 690 2974 vultus
724 2891 778 2972 ad
805 2891 1051 2972 modestiam
1076 2911 1119 2972 et
1143 2895 1347 3002 pietatem

351 3044 621 3150 compositus,
646 3042 766 3120 cuius
793 3068 932 3122 amore
956 3067 998 3119 se
1023 3069 1110 3122 non
1133 3042 1260 3122 modo·
1280 3073 1347 3125 ca·

350 3211 493 3300 ptum,
517 3187 589 3268 sed
613 3189 741 3268 etiam
770 3199 905 3268 totum
934 3187 1235 3270 inflammatum
1260 3218 1344 3274 esse

348 3357 522 3448 repente
548 3337 694 3416 sensit.
720 3333 887 3414 Laurae
920 3332 1021 3418 huic
1057 3358 1218 3418 nomeu
1233 3343 1344 3434 erat,

349 3487 492 3594 patria
526 3481 713 3578 Arenio,
744 3509 875 3594 genus
911 3509 1012 3566 sane
1039 3482 1343 3564 nobilissimum

353 3728 1347 3754 Commumm‘mmm

412 3841 456 3916 (1)
474 3847 618 3915 Quantus
639 3843 673 3898 in
690 3839 747 3899 illa
763 3854 871 3897 aetate
887 3843 944 3898 Dei
960 3843 1076 3900 timori
1092 3813 1214 3918 qutunta
1232 3845 1345 3902 mortis

351 3943 525 4022 cogitatio!
547 3959 689 4022 quantus
712 3946 882 4024 religionis
905 3943 1059 4006 affeetuot
1083 3959 1225 4024 quantus
1254 3964 1345 4007 amor

352 4047 547 4106 honestatis!
574 4049 627 4106 Ed.
644 4048 737 4107 Basil.
753 4069 785 4127 p.
802 4048 869 4108 356.
892 4055 999 4124 Quare
1015 4053 1148 4108 minime
1164 4065 1211 4109 est
1226 4054 1344 4110 miran-

352 4151 428 4213 dam
445 4157 471 4211 si
489 4155 609 4210 amoris
625 4155 714 4230 ignes
729 4154 779 4210 his
795 4167 905 4232 septus
921 4153 1098 4232 praesidiis
1114 4171 1279 4232 nunquam
1296 4173 1347 4212 er·

351 4265 462 4334 pertus
470 4256 592 4332 fuisset
600 4291 611 4328 ,
627 4269 663 4314 ut
677 4255 718 4314 de
733 4275 765 4313 se
781 4261 852 4334 ipso
859 4256 992 4330 fatetur
1004 4261 1099 4315 Canz.
1113 4273 1214 4314 rtur.
