4254 5824
353 861 466 916 ream
500 855 696 912 coronam
732 857 757 908 a
791 824 992 908 Senatorc
1028 826 1121 932 ipso
1157 825 1345 932 accepit,

353 982 427 1090 qui
453 1007 543 1060 eam
569 977 717 1057 deberi
746 971 1031 1085 singularibus
1061 971 1155 1049 eius
1178 972 1352 1054 virtuti·¹

353 1127 431 1209 bus
460 1123 691 1237 magnificis
715 1119 858 1206 verbis
888 1119 1142 1200 declaravit.
1174 1117 1272 1198 Post
1304 1119 1350 1198 id

353 1273 552 1354 recitavit
577 1267 707 1352 Poeta
721 1267 926 1350 'Italicum
948 1293 1136 1358 carmen,
1158 1293 1244 1373 quo
1266 1265 1352 1344 lau·

356 1421 429 1500 des
460 1417 696 1499 celebravit
724 1435 916 1498 veterum
949 1409 1233 1494 Romanorum
1260 1411 1354 1492 He-

354 1593 497 1662 roum,
524 1589 715 1672 quasque
740 1561 806 1642 illi
832 1559 987 1641 tribuit
1012 1557 1249 1669 Stephanus
1275 1557 1353 1638 Co-

356 1713 500 1794 lumna
525 1715 656 1794 tantis
680 1729 883 1819 exceptae
909 1707 1127 1818 plausibus
1153 1708 1348 1803 fuerunt,

356 1863 476 1941 utin
507 1885 603 1938 eum
631 1859 908 1937 omuis²versa
935 1855 1088 1938 civitas
1111 1855 1350 1937 videretur.

359 2006 424 2087 Ab
449 2005 577 2086 huius
607 2031 812 2085 consensu
837 2003 1065 2112 perennius
1093 2003 1266 2112 quoque
1290 2005 1353 2085 t'e-

358 2153 598 2234 stimonium
641 2151 796 2232 datum·
829 2149 912 2230 fuit
946 2150 1099 2230 virtuti
1145 2151 1354 2246 eiusdem,

359 2301 525 2408 scriptis
550 2297 706 2379 litteris
727 2293 1180 2393 honorificentissimis,
1195 2299 1355 2406 quibus

359 2450 455 2528 iura
484 2447 642 2527 civium
669 2443 953 2524 Romanorum
981 2447 1016 2524 is
1047 2443 1256 2526 obtinuit.
1290 2443 1355 2526 Ad

248 2609 259 2620 ‘
360 2594 429 2687 id,
448 2589 570 2701 quasi
591 2588 672 2670 Dei
697 2587 843 2697 aliquo
862 2590 975 2670 douo
995 2612 1038 2671 et
1059 2591 1356 2674 muncre'com·

359 2739 547 2820 mendati
570 2737 731 2848 Populo
752 2735 939 2818 Romano
959 2737 1114 2819 Poetae
1136 2759 1265 2848 atque
1285 2738 1358 2820 Hi·

361 2887 504 2968 storici
530 2911 616 2966 esse
638 2886 904 2983 viderentur,
927 2909 1093 2966 tautum
1110 2884 1260 2966 horum
1286 2915 1357 2966 ar-

363 3036 417 3114 tis
440 3033 482 3112 e't
505 3035 708 3114 scientiae
725 3035 771 3114 in
791 3031 1020 3114 Petrarcha
1039 3035 1173 3114 inesse
1193 3035 1359 3115 iuratus

361 3179 495 3274 dixit,
519 3179 637 3260 nullo
655 3202 704 3262 ut
723 3210 809 3261 non
827 3181 984 3262 honore
1006 3183 1061 3262 ab
1078 3184 1279 3264 omnibus
1300 3211 1361 3264 es·

361 3349 421 3408 set
443 3327 705 3407 afficiendus.
725 3327 765 3406 Is
788 3357 811 3407 e
834 3326 1049 3438 Capitolio
1066 3351 1183 3411 recta
1202 3330 1256 3410 ad
1274 3329 1359 3424 Va-

362 3449 547 3556 ticanaru
563 3473 792 3569 ¹Basilicam
804 3477 1042 3574 contendit,
1059 3503 1145 3584 quo
1159 3475 1251 3556 Deo
1269 3507 1358 3591 gra-

362 3624 444 3702 tias
470 3643 635 3740 ageret,
662 3623 879 3704 cui'illum
904 3627 1042 3732 ipsum
1068 3621 1274 3706 honorem
1297 3655 1361 3708 re·

364 3757 526 3850 ferebat
559 3792 804 3882 acceptum,
835 3767 1109 3882 laureamque
1135 3801 1354 3872 coronam,

364 3937 413 3997 ut
437 3917 609 4025 pietatis
638 3945 736 4000 suae
765 3947 951 4028 perenne
981 3943 1087 4002 esset
1116 3951 1358 4004 monumen-

363 4083 475 4157 tum,
502 4062 555 4140 ad
582 4091 694 4142 aram
713 4065 949 4174 suspendit.
981 4063 1237 4158 Convivium
1265 4099 1358 4148 ma-

364 4209 513 4322 gnifice
533 4231 576 4292 et
597 4183 818 4320 splendide
840 4217 1013 4322 paravit
1029 4215 1359 4326 Stephanus·.Co·

1169 4342 1198 4372 ιο
