4260 5826
1223 591 1338 684 186

784 807 896 876 facile
926 807 1155 902 principem,
1186 811 1329 881 dictum
1359 815 1404 884 ab
1435 817 1655 916 Horologio,
1685 847 1775 917 pro-

730 989 732 994 .
785 945 869 1021 pter
892 928 1002 996 illum
1030 929 1289 1002 admirandum
1319 935 1521 1008 Planetarii
1544 965 1639 1036 opus
1662 944 1707 1012 ab
1730 969 1773 1014 eo

783 1049 1014 1132 confectum,
1042 1054 1143 1146 quod
1166 1057 1303 1154 vulgus
1336 1059 1509 1154 ignarum
1531 1060 1776 1158 Horologium

785 1195 864 1242 esee
896 1175 1122 1246 arbitratur.
1152 1177 1223 1246 Cui
1255 1181 1338 1274 lego
1361 1181 1639 1278 quinquaginta
1661 1185 1777 1254 duca-
1864 1257 1867 1262 ,

785 1312 841 1362 tos
865 1295 950 1364 auri
980 1319 1050 1388 pro
1079 1297 1234 1368 emendo
1258 1299 1331 1368 eibi
1361 1325 1479 1370 unum
1500 1327 1660 1396 parvum
1683 1329 1779 1375 anu-

783 1415 862 1482 lum
889 1415 1010 1510 digito
1039 1419 1259 1512 gestandum
1287 1421 1331 1489 in
1359 1423 1574 1492 memoriam
1601 1425 1694 1494 mei.
1724 1425 1777 1492 De

783 1536 1028 1604 facultatibus
1051 1558 1175 1608 autem
1198 1541 1411 1611 domesticis
1435 1547 1486 1614 sic
1508 1545 1663 1614 ordino.
1686 1545 1778 1614 Bar·-

782 1657 992 1728 tholomaeo
1014 1659 1059 1728 de
1083 1659 1208 1742 Senis,
1229 1663 1298 1754 qui
1320 1662 1462 1732 dicitur
1483 1664 1706 1746 Pancaldus,
1728 1665 1781 1732 vi·

781 1779 879 1874 ginti
896 1779 1068 1862 ducatos,
1082 1805 1176 1874 quos
1199 1807 1274 1852 non
1296 1783 1419 1854 ludat.
1440 1785 1537 1854 Zilio
1561 1787 1607 1854 de
1630 1786 1780 1856 Floren-

784 1902 857 1983 tia,
881 1902 1100 1974 domicello
1117 1925 1217 1984 meo,
1245 1927 1359 1998 supra
1383 1907 1561 1976 salarium
1582 1930 1709 1986 auum,
1731 1905 1784 1972 si·

782 2023 876 2115 quid
900 2025 973 2092 sibi
1002 2023 1182 2106 debetur,
1205 2026 1345 2120 viginti
1374 2027 1548 2096 ducatos.
1569 2026 1635 2108 Et,
1659 2026 1690 2093 si
1711 2026 1780 2096 ha·-

782 2141 910 2212 berem
925 2145 1074 2237 plures,
1091 2164 1156 2216 aut
1180 2147 1273 2215 alios
1291 2150 1420 2240 plures
1448 2149 1695 2242 paucioresve
1719 2146 1782 2214 do·

781 2265 968 2346 micellos‚
999 2291 1114 2360 supra
1144 2268 1322 2338 salarium
1351 2292 1480 2350 suum,
1510 2293 1579 2363 pro
1601 2269 1774 2362 quolibet

781 2385 941 2458 florenos
965 2409 1031 2457 sou
1048 2387 1202 2462 duratos
1225 2411 1270 2468 x,
1291 2388 1443 2461 famulis
1468 2391 1580 2468 duos,
1602 2411 1672 2480 pro
1689 2411 1778 2479 quo·

660 2578 665 2586 ,
744 2538 746 2542 ·
782 2505 886 2577 liber.
898 2521 987 2576 coco
1004 2505 1115 2575 duos.
1130 2507 1200 2586 -Et,
1220 2509 1252 2574 si
1274 2508 1338 2574 isti
1351 2557 1359 2587 ‚
1373 2510 1437 2578 vel
1452 2508 1562 2576 amici
1578 2506 1780 2586 obiissent,

783 2625 1077 2706 vel-domicelli,
1101 2649 1165 2694 seu
1190 2627 1323 2698 famuli
1353 2628 1536 2698 obiissent
1561 2629 1784 2721 priusquam

783 2747 943 2827 moriar,
965 2746 1067 2838 quod
1088 2747 1144 2816 eis
1173 2749 1360 2842 legabam‚
1382 2751 1552 2830 volo,'ut
1582 2748 1711 2818 redeat
1736 2747 1782 2814 ad

782 2866 961 2936 heredem
982 2891 1121 2936 meum.
1142 2871 1322 2941 Omnium
1350 2893 1437 2940 sane
1469 2870 1656 2941 bonorum
1678 2891 1781 2939 meo-

782 3013 867 3058 rum
893 2989 1091 3058 mobilium
1121 3011 1158 3058 et
1185 2993 1455 3073 immobilium,
1476 3017 1572 3084 quae
1602 2991 1782 3062 habeo-et

783 3109 987 3180 habiturus
1025 3135 1131 3192 sum,
1159 3113 1390 3208 ubicumque
1428 3132 1515 3182 sunt
1544 3115 1606 3182 vel
1642 3129 1783 3185 erunt,

783 3231 1038 3302 universalem
1068 3234 1247 3312 heredem
1274 3235 1439 3306 instituo
1468 3234 1708 3306 Fraucieoum
1738 3229 1784 3300 de

785 3349 986 3434 Broteano,
1007 3349 1129 3422 filium
1150 3377 1185 3446 q.
1207 3353 1243 3422 d.
1263 3354 1423 3423 Amiuoli
1443 3353 1490 3422 de
1512 3353 1714 3430 Brossauo,
1734 3349 1787 3416 ci-

785 3492 872 3542 vem
899 3473 1130 3554 Mediolani,
1155 3493 1285 3567 portae
1308 3475 1562 3544 Vercellinae.
1586 3471 1630 3540 Et
1660 3473 1784 3563 ipsum

785 3615 895 3690 rogo,
918 3619 992 3665 uon
1013 3599 1134 3668 solum
1153 3613 1196 3664 ut
1216 3597 1414 3676 heredem,
1437 3595 1502 3666 sed
1522 3611 1565 3664 ut
1587 3592 1710 3662 filium
1733 3615 1789 3658 ca-

785 3691 992 3795 rissimum,
1013 3735 1065 3786 ut·
1086 3719 1286 3810 pecuniam
1307 3738 1603 3810 quamcumque,
1627 3712 1718 3780 'sive
1740 3711 1787 3778 sit

786 3835 971 3925 plurima,
994 3839 1154 3906 siverit·
1167 3838 1339 3918 minima,
1360 3837 1479 3930 (quia
1499 3857 1630 3928 magua
1650 3831 1786 3922 utique

787 3957 979 4044 nouerit)
996 3957 1087 4026 meis
1103 3958 1218 4028 rebus
1233 3958 1445 4038 invenerit,
1469 3956 1617 4026 dividat
1632 3954 1675 4020 iu
1691 3951 1783 4018 duas

785 4094 929 4167 partes,
952 4096 990 4146 et
1011 4103 1124 4150 unam
1153 4079 1239 4151 eibi
1257 4080 1413 4159 habeat,
1435 4081 1592 4150 alteram
1613 4087 1785 4144 numeret
1813 4159 1816 4164 1

789 4197 852 4266 cui
879 4201 948 4268 scit
971 4204 1169 4281 metelle,
1192 4220 1229 4270 et
1252 4202 1298 4270 de
1321 4226 1364 4270 ea
1385 4199 1448 4270 fiat
1472 4194 1709 4293 quodetiam
1729 4213 1787 4258 me
