4254 5824
806 627 881 732 87

795 933 919 1006 XXI.

423 1121 536 1206 Dum
559 1121 807 1206 Franciscus
827 1117 1003 1204 Graecis
1024 1118 1180 1204 litteris
1200 1120 1259 1203 sio
1277 1147 1345 1202 va·

352 1271 476 1356 cahat
496 1329 508 1367 ‚
532 1291 580 1354 ut
604 1270 658 1354 ab
691 1271 743 1353 iis
767 1299 845 1354 nec
877 1267 1027 1352 divelli
1053 1295 1131 1348 neo
1163 1264 1343 1355 distrahi

349 1417 474 1498 facile
499 1439 738 1532 pateretur,
765 1440 939 1530 rogante
966 1414 1175 1498 Columna
1201 1414 1347 1504 Cardi-

349 1565 462 1662 nali'‚
490 1569 560 1650 cui
595 1565 706 1654 nihil
740 1595 894 1680 negare
921 1594 963 1648 se
997 1591 1117 1675 posse
1142 1562 1348 1672 putabat,

349 1713 595 1796 mandatum
624 1717 789 1824 accepit
824 1736 916 1798 tum
948 1711 1086 1806 illius,
1111 1731 1204 1792 tum
1232 1737 1349 1790 sum-

349 1863 406 1943 mi
426 1859 641 1948 Pontificio
661 1863 834 1973 negotia
855 1855 1041 1968 Neapoli
1065 1856 1348 1967 procurandi.

347 2003 528 2091 obierat
553 2037 630 2120 per
654 2009 731 2092 illa
755 2029 948 2118 tempora
973 2033 1124 2117 magno
1149 2033 1244 2086 cum
1267 2004 1348 2084 bo·

345 2185 496 2240 norum
515 2160 726 2256 omnium,
752 2187 799 2240 ac
821 2157 1067 2267 praesertim
1092 2143 1347 2240 Petrarcht'te

348 2303 472 2388 luctu
489 2304 558 2402 (¹),
576 2305 790 2390 Robertus
810 2305 1013 2413 Rex,qui
1031 2324 1202 2412 neptem
1223 2302 1351 2380 nomi·

348 2491 1347 2527 mmmeeomomomunmoomu

410 2591 455 2671 (t)
479 2591 558 2652 Vide
572 2609 654 2677 quae
669 2591 707 2650 de
723 2591 792 2650 eius
803 2589 955 2649 laudibus
966 2586 1169 2668 praedicarit
1183 2584 1297 2644 multis
1312 2583 1350 2640 itt

346 2693 424 2752 loris
448 2698 641 2773 scriptorum
665 2713 816 2761 suorum,
838 2692 891 2748 sed
914 2690 1103 2770 praesertim
1133 2689 1170 2746 itt
1196 2687 1265 2745 Lib.
1290 2688 1345 2744 m

348 2801 381 2854 C.
397 2801 453 2856 Ill
467 2801 584 2856 Rerum
603 2795 793 2855 memoranti.
814 2799 919 2869 Quam
942 2793 1117 2872 magnifice
1132 2805 1162 2849 et
1176 2789 1355 2850 liberaliter

347 2897 376 2956 i's
396 2901 641 2978 amplecteretur
657 2901 800 2963 homiues
816 2887 972 2960 doctrinis
991 2899 1137 2968 deditos,
1154 2899 1299 2978 exposuit
1316 2897 1353 2956 irs

345 3001 492 3078 epistola,
501 3023 596 3080 quam
606 3003 647 3060 ad
660 3023 731 3060 eum
742 3001 848 3072 dedit,
860 3017 1028 3082 postquam
1036 3003 1163 3082 poetica
1173 3003 1284 3060 laureo
1297 3001 1347 3058 de·

286 3101 291 3108 '
347 3117 470 3160 ceratus
488 3105 577 3183 fuit.
596 3108 693 3164 Tanti
710 3109 805 3187 Regis
823 3107 927 3165 uitam
949 3109 1046 3166 etiam
1069 3107 1221 3169 historiae
1246 3127 1355 3166 mortu·

348 3207 465 3268 mentis
484 3209 639 3268 mandare
654 3211 833 3288 aliquando
848 3212 1019 3291 cogitarit,
1030 3225 1068 3270 ut
1085 3212 1122 3270 iet
1133 3231 1168 3270 ea
1181 3211 1354 3290 posteritas

243 3372 255 3400 l
347 3309 450 3370 omnis
475 3333 652 3392 expressam
678 3314 853 3394 imapirtem
874 3314 1044 3382 bonitatis,
1064 3313 1231 3380 iustitiae,
1246 3311 1353 3394 fidei,

342 3415 537 3492 prudentiae
553 3415 716 3492 omnisque
723 3417 909 3495 praeclarae
922 3417 1057 3475 uirtutis
1073 3415 1267 3473 intueretur.
1285 3419 1355 3472 Sae—

347 3517 418 3574 eulo
436 3518 675 3597 gratulandum
701 3518 851 3588 uidetur,
871 3519 956 3597 quod
979 3519 1055 3576 lieet
1080 3533 1149 3576 tum
1172 3517 1355 3595 primume

346 3615 489 3678 barbarie
502 3621 680 3692 emerserit,
696 3621 793 3679 multi
810 3635 918 3678 tamen
938 3621 975 3678 in
991 3621 1092 3680 Italia
1108 3619 1225 3699 Repuli
1242 3633 1364 3686 esseut,

347 3721 403 3799 qui
418 3723 537 3781 mirum
552 3724 589 3782 irt
604 3724 733 3782 modum
743 3723 896 3802 favebant
913 3724 1032 3781 litteris
1049 3738 1079 3779 et
1096 3740 1206 3779 earum
1221 3720 1352 3780 cultori-

348 3821 416 3882 bus.
432 3829 519 3883 Nam
532 3841 661 3902 praeter
673 3827 841 3885 Italertum
864 3827 922 3886 liae
941 3827 1037 3884 laude
1051 3825 1235 3912 flamerurtt
1256 3822 1353 3880 Scali-

342 3925 414 4006 peri
435 3929 646 3996 Vennenses,
663 3931 883 3992 Carrariertses
899 3931 1071 4000 Patavini,
1087 3927 1229 3988 Atestirti
1244 3931 1351 3986 Ferra-

348 4029 480 4100 riertses,
493 4030 692 4088 Viceeamites
699 4032 969 4102 Mediolanenses,
980 4036 1147 4111 Ganzapae
1157 4030 1352 4100 Mantuani,

349 4133 538 4192 Malatestae
549 4135 772 4205 Pisaurenses,
785 4137 927 4215 aliique,
941 4157 1081 4216 quarum
1093 4154 1196 4192 rerum
1211 4133 1353 4192 omnium

348 4233 491 4296 illustria
508 4251 619 4300 extant
636 4253 840 4298 monumenta
857 4238 894 4296 irt
910 4239 1099 4300 Petrarelae
1114 4235 1259 4314 seriptis.
