4254 5824
834 683 908 777 13

351 963 353 969 ,
378 869 662 954 nevolentiam
671 862 841 946 Ioannis
855 861 1113 960 Florentini,
1129 861 1311 958 hominis
1321 864 1373 946 ad

378 1015 555 1099 consilia
583 1011 917 1125 prudentissimi,
939 1007 1041 1090 huic
1071 1037 1232 1090 omnem
1260 1041 1374 1094 men-

377 1185 462 1246 tem
485 1190 601 1242 suam
628 1159 867 1269 aperiebat,
888 1185 1093 1266 auresque
1119 1158 1373 1267 praebebat,

378 1312 544 1420 quoties
569 1307 894 1402 admonebatur,
918 1336 971 1386 ne
993 1308 1178 1388 animum
1203 1307 1376 1414 despon-

379 1461 498 1539 deret
526 1458 579 1538 in·
596 1452 889 1564 persequendo
924 1453 1040 1561 quod
1069 1473 1186 1534 recte
1214 1474 1257 1535 et
1282 1451 1369 1563 glo-

380 1608 488 1686 riose
504 1623 724 1712 coeperat,
741 1603 845 1710 quia
860 1600 976 1683 docti
993 1627 1152 1695 omneS,
1169 1603 1245 1708 qui
1260 1628 1376 1709 prae-

376 1753 587 1834 stantibus
612 1753 792 1861 ingeniis
811 1749 959 1830 divina
978 1749 1119 1830 studia
1136 1747 1381 1844 coluerunt,

378 1899 461 1980 hoc
486 1901 608 2006 quasi
643 1897 777 2008 gradu
815 1897 869 1976 ad
894 1899 1146 2006 sapientiam
1174 1897 1377 1976 ascende-

381 2067 504 2142 runt,
520 2047 635 2155 quod
653 2072 716 2141 se,
735 2065 783 2125 ut
802 2046 1000 2126 monebat
1020 2043 1231 2141 Socrates,
1250 2045 1378 2144 nihil,
1449 2153 1453 2160 Ι

381 2216 455 2276 aut
473 2225 607 2305 parva
628 2193 852 2274 admodum
873 2196 978 2273 scire
997 2215 1222 2305 putarunt.
1249 2192 1375 2275 Hisce

379 2339 742 2424 cohortationibus
764 2339 946 2420 alacrior
963 2340 1117 2438 factus,
1131 2369 1377 2448 quanquam

379 2491 432 2569 ab
452 2492 582 2585 urbe,
601 2491 646 2567 in
664 2517 751 2596 qua
771 2489 1131 2584 commorabatur,
1150 2518 1289 2597 neque
1315 2519 1376 2570 ce·-

381 2635 623 2717 lebritatem
649 2656 893 2746 expectaret
920 2637 1118 2714 sermonis
1141 2635 1377 2733 hominum,

379 2814 518 2893 neque
548 2783 750 2882 honores,
784 2785 859 2893 qui
892 2786 1079 2894 ignavis,
1116 2784 1370 2880 ambitiosis,

381 2955 509 3039 atque
536 2934 607 3028 iis,
626 2934 702 3038 qui
728 2959 768 3010 se
790 2930 903 3010 falsis
923 2931 1132 3011 ornabant
1157 2930 1374 3027 laudibuS,

380 3079 669 3164 tantummodo
689 3079 918 3187 patebant,
937 3078 1085 3159 retulit
1104 3107 1145 3157 se
1168 3080 1222 3159 ad
1239 3082 1378 3189 pristi-

379 3258 434 3316 na
458 3226 622 3321 studia,
641 3227 710 3309 vel
734 3228 875 3336 potius
901 3228 947 3306 in
971 3228 1023 3305 iis
1047 3226 1180 3306 multo
1198 3227 1374 3340 vigilan-

378 3377 462 3458 tius
487 3376 749 3470 elaboravit,
774 3377 1018 3487 gratiasque
1045 3374 1239 3456 fortunae
1265 3378 1374 3489 egit,

377 3523 492 3633 quod
517 3551 567 3602 eo
601 3525 646 3601 in
676 3523 770 3603 loco
805 3525 1034 3607 invenisset
1060 3523 1263 3604 Iacobum
1297 3523 1376 3604 Co-

377 3669 585 3767 lumnam,
620 3699 748 3778 quem
786 3670 1123 3780 condiscipulum
1159 3669 1374 3754 Bononiae

376 3817 610 3914 habuerat,
647 3819 954 3900 adolescentem
984 3847 1141 3899 summa
1175 3821 1375 3902 nobilita-

379 3988 443 4063 te,
467 3968 618 4074 inquo
641 3968 751 4048 nihil
776 3967 917 4050 fictum
936 3990 978 4049 et
1002 3969 1242 4051 simulatum
1262 3989 1372 4066 erat,
1453 4051 1459 4060 ,

379 4113 581 4226 singulari
607 4115 827 4210 modestia,
854 4119 1160 4225 temperantia,
1182 4115 1373 4196 humani-

380 4281 492 4360 tate,
521 4261 713 4343 doctrina
748 4282 876 4368 atque
911 4263 1183 4370 eloquentia,
1208 4265 1370 4370 quique
