4260 5826
1230 624 1348 704 120.

794 835 938 894 versus
965 806 1252 888 discedentem
1278 803 1538 886 Placentiam
1564 833 1701 917 usque
1726 836 1789 888 eo·

793 962 968 1038 miratus
993 977 1058 1038 est
1085 955 1214 1036 nullis
1235 983 1319 1036 non
1337 954 1571 1036 honoribus
1592 951 1787 1052 affectus,

669 1160 671 1164 -
795 1131 908 1214 quos
924 1105 1170 1200 ambitiose,
1183 1125 1231 1185 ut
1250 1103 1437 1200 solebat,
1450 1104 1503 1184 ad
1523 1107 1677 1185 amicos
1693 1106 1790 1185 scri-

793 1254 897 1336 bens
918 1253 1099 1350 extulit,
1119 1255 1375 1335 mentionem
1393 1251 1552 1334 faciens
1571 1254 1788 1363 pretiosis·

794 1405 890 1484 simi
918 1402 1088 1510 sibique
1118 1391 1325 1481 carissimi
1351 1401 1477 1496 doni,
1505 1401 1623 1510 quod
1648 1403 1688 1480 ei
1713 1399 1790 1480 de-

793 1549 1190 1645 dit,numismatum
1209 1547 1515 1661 Augustorum,
1530 1577 1641 1660 quae
1658 1549 1790 1628 maxi·

794 1726 858 1778 me
884 1699 1072 1780 excitare
1100 1719 1231 1806 atque
1257 1697 1516 1778 inflammare
1540 1699 1675 1808 ipsius
1694 1696 1787 1776 ani·-

676 1851 680 1859 ’
795 1875 908 1926 mum
926 1845 1080 1932 debere
1100 1847 1270 1954 putavit
1298 1845 1353 1924 ad
1377 1843 1549 1925 illorum
1567 1841 1789 1954 praeclara

794 1993 911 2074 facta
933 1990 1140 2074 imitanda
1161 1985 1226 2068 (1).
1260 1989 1311 2070 In
1341 1991 1419 2086 iis,
1446 2018 1557 2098 quae
1590 2017 1687 2070 cum
1712 1986 1787 2068 illo

704 2205 706 2208 .
753 2137 756 2144 ’
792 2140 969 2234 habuit,
998 2138 1224 2244 colloquiis
1255 2165 1340 2218 non
1369 2138 1536 2220 destitit
1565 2139 1789 2240 morterei-

791 2315 938 2396 psum‚
973 2305 1022 2366 ut
1057 2287 1265 2396 cogitaret
1303 2286 1411 2394 quid
1444 2285 1621 2366 deberet
1657 2286 1790 2366 tantis

792 2433 1008 2514 hominum
1030 2434 1331 2542 opinionibus,
1355 2435 1486 2512 tantis
1504 2433 1557 2512 de
1580 2432 1656 2512 illo
1674 2432 1789 2510 iudi-

793 2581 894 2674 ciis,
919 2580 1050 2660 tantis
1074 2577 1332 2674 honoribus,
1359 2601 1493 2686 utque
1528 2577 1788 2660 consulendo

793 2727 1015 2822 omnibus,
1051 2700 1261 2807 medendo
1295 2728 1568 2810 incommodis
1603 2724 1785 2834 populo·

793 2903 913 2971 rum,
929 2873 1193 2983 providendo
1219 2875 1372 2974 saluti,
1391 2902 1544 2986 parens
1564 2872 1715 2954 Italiae
1734 2873 1794 2950 di·

794 3023 894 3104 ciet
918 3020 1068 3100 haberi
1095 3021 1248 3104 vellet.
1275 3021 1384 3102 Cum
1408 3021 1592 3103 Carolus
1617 3023 1788 3103 veroin

797 3195 1027 3248 sermonem
1052 3169 1252 3280 delapsus
1279 3191 1389 3252 esset
1415 3171 1469 3250 de
1494 3170 1695 3280 operibus
1716 3165 1792 3246 Pe·

795 3314 991 3396 trarchae
1003 3373 1015 3412 ,
1028 3343 1138 3424 quae
1154 3319 1237 3398 sibi
1252 3316 1483 3397 multorum
1501 3314 1701 3396 laudibus
1719 3339 1792 3392 no-

795 3481 842 3544 ta
861 3489 951 3544 esse
970 3463 1100 3560 dixit,
1115 3493 1157 3544 se
1179 3492 1336 3573 cupere
1354 3463 1563 3555 ostendit,
1582 3481 1629 3540 ut
1648 3462 1694 3539 in
1714 3487 1790 3539 suo

796 3611 965 3694 nomine
990 3631 1245 3720 apparerent
1263 3607 1497 3690 illustrium
1511 3588 1793 3687 Romanorum

795 3758 935 3851 vitae,
961 3756 1078 3864 quod
1104 3778 1145 3836 et
1172 3785 1214 3836 se
1233 3755 1344 3838 velle
1369 3754 1587 3864 respondit
1611 3749 1644 3830 F
1647 3753 1788 3832 ranci-

799 3927 913 3996 scus,
929 3903 967 3980 si
992 3900 1161 3980 illorum
1181 3899 1355 4011 gloriam
1378 3899 1680 3994 aemularetur,
1701 3899 1791 3979 lau-

796 4125 1787 4154 monomaemoouommss

855 4218 899 4296 (1)
924 4219 1004 4277 Sada
1020 4219 1165 4277 lllemoir.
1181 4219 1220 4278 de
1234 4223 1356 4278 Petrar.
1371 4224 1459 4280 Tom.
1475 4221 1516 4280 11.
1532 4239 1564 4298 p.
1581 4217 1652 4320 38ι.Ι
