4260 5826
1261 643 1341 739 92

801 823 945 930 potius
971 816 1224 902 Petrarchae
1254 823 1359 922 fuit,
1385 852 1511 934 quam
1537 847 1586 910 ut
1616 828 1800 914 obsidio-

800 973 865 1051 nis
890 972 1162 1052 incommodis
1186 994 1228 1055 et
1263 975 1465 1085 periculis
1494 1005 1536 1058 se
1569 979 1795 1074 liberaret3

796 1145 928 1228 quare
947 1121 1200 1232 intempesta
1217 1143 1342 1204 nocte
1365 1127 1519 1222 evasit‚
1540 1133 1722 1238 cumque
1747 1131 1794 1208 in

795 1268 936 1350 hostes
968 1270 1208 1366 incidisset,
1234 1270 1376 1384 fugam
1402 1277 1610 1386 arripuit,
1636 1279 1796 1386 inqua
1892 1283 1898 1288 ’

798 1419 988 1499 deiectus
1006 1445 1058 1496 ex
1076 1445 1186 1527 equo
1209 1445 1330 1530 aegre
1352 1421 1574 1502 incolumis
1594 1421 1796 1504 Scandia-

797 1595 898 1678 num
923 1569 1138 1675 pervenit.
1166 1566 1271 1648 Inde
1298 1566 1534 1650 Bononiam
1560 1594 1688 1681 atque
1715 1569 1797 1650 Ve-

796 1741 943 1794 ronam
963 1715 1016 1794 ab
1036 1716 1128 1794 eius
1146 1715 1263 1794 urbis
1282 1715 1450 1796 domino
1470 1719 1677 1800 invitatus
1702 1747 1794 1798 con·

796 1865 961 1944 cessisse
982 1863 1177 1961 videtur,
1202 1892 1340 1974 neque
1366 1867 1499 1949 multo
1525 1888 1621 1978 post
1647 1877 1797 1948 exeun·

794 2031 838 2090 te
863 2041 926 2092 an.
946 2037 1158 2095 ucccxuv
1178 2011 1439 2096 Avenionem
1465 2017 1615 2097 rediit.
1643 2014 1796 2096 Liben-

682 2151 688 2162 ’
795 2179 984 2240 tersum
1009 2161 1118 2244 vidit
1149 2161 1364 2260 Pontifex,
1391 2165 1442 2245 et'
1459 2166 1503 2244 in
1530 2165 1689 2244 honore
1718 2164 1795 2244 ha-

792 2308 912 2404 buit,
932 2309 1133 2418 ultroque
1159 2309 1317 2390 obtulit
1343 2313 1382 2390 ei
1410 2309 1624 2391 Pontificii
1649 2309 1794 2390 Secre-

795 2458 895 2536 tarii
920 2485 1072 2535 munus
1096 2479 1138 2536 et
1171 2457 1304 2534 ditem
1330 2453 1654 2567 Episcopatum,
1679 2449 1793 2565 quae

794 2601 1007 2684 libertatis
1046 2607 1452 2689 amora-recusavit.
1495 2601 1630 2685 Nemo
1665 2608 1794 2686 etiam

792 2749 875 2832 suit
900 2753 945 2832 in
965 2751 1042 2832 illa
1060 2754 1167 2834 urbe
1192 2757 1390 2863 potentia
1409 2775 1452 2834 et
1478 2754 1689 2866 dignitate
1709 2783 1794 2833 am-

794 2901 1030 3012 plissimus,
1060 2904 1136 3009 qui
1169 2900 1287 2982 illius
1312 2905 1517 2984 virtutem
1547 2931 1631 2982 non
1662 2900 1795 2984 hono-

792 3071 929 3145 raret,
951 3051 1119 3159 ipsique
1138 3077 1223 3128 non
1243 3047 1555 3159 gratularetur,
1575 3049 1693 3158 quod
1712 3048 1794 3128 hac

792 3219 915 3281 tanta
939 3197 1189 3278 celebritate
1215 3198 1350 3277 famae
1377 3197 1505 3278 decus
1525 3195 1794 3280 Avenionen-

794 3348 847 3426 sis
874 3345 996 3426 aulae
1022 3331 1216 3456 augeret:
1241 3343 1322 3423 Sed
1347 3337 1452 3424 haec
1483 3335 1646 3424 modice
1672 3345 1795 3424 illum

793 3495 1018 3606 tangebat,
1050 3494 1166 3602 quod
1203 3494 1492 3608 indignissime
1528 3494 1656 3574 ferret
1687 3482 1793 3572 alie-

721 3690 722 3693 *
793 3674 894 3726 num
921 3643 1170 3724 Pontificum
1195 3648 1382 3723 animum
1418 3671 1441 3722 a
1474 3641 1690 3724 reddendo
1716 3667 1790 3720 suo

794 3795 972 3904 pristino
1000 3791 1223 3902 splendore
1251 3791 1423 3887 Italiae.
