4260 5826
1210 589 1325 724 r'ro

772 850 1001 924 venerant,
1020 827 1092 908 sed
1117 857 1212 908 cum
1237 851 1419 938 uterque
1438 829 1562 910 nimis
1590 829 1765 910 alterius

774 982 1043 1061 intuerentur
1053 977 1458 1088 potestatem‚haud
1477 977 1666 1058 invidiae
1679 977 1766 1058 cul-

769 1156 868 1238 pam
886 1125 1141 1240 effugerunt.
1172 1125 1280 1208 Cum
1298 1125 1353 1206 ad
1377 1155 1447 1206 eos
1468 1127 1672 1207 scriberet
1691 1126 1766 1206 Pe·

770 1278 964 1375 marcha,
983 1280 1152 1359 minime
1177 1280 1340 1358 veritus
1363 1298 1448 1374 est,
1466 1297 1515 1358 ut
1540 1277 1629 1356 non
1653 1277 1763 1356 bene
1805 1267 1808 1274 ’
1839 1349 1840 1352 a

768 1429 938 1537 provisa
970 1449 1012 1507 et
1043 1425 1271 1538 diligenter
1300 1425 1520 1537 explorata
1548 1426 1764 1536 principia

768 1597 966 1684 poneret,
990 1601 1101 1684 quae
1127 1602 1177 1654 ex
1203 1577 1294 1684 ipso
1320 1574 1488 1655 honesti
1513 1574 1631 1654 fonte
1656 1571 1766 1654 hau·-

770 1747 900 1819 serat‚
919 1751 1118 1833 quaeque
1138 1747 1228 1806 tum
1247 1726 1302 1804 ad
1321 1727 1546 1832 utriusque
1567 1723 1766 1836 gloriam,

771 1895 859 1952 tum
886 1872 939 1953 ad
964 1874 1181 1983 publicam
1207 1874 1441 1956 utilitatem
1469 1873 1649 1952 maxime
1676 1899 1769 1949 con·

770 2021 1011 2102 ducebant.
1047 2019 1386 2132 'Amp'litudinem
1421 2019 1645 2102 Acciaiolii
1678 2043 1769 2097 ma-

769 2197 850 2280 gno
871 2171 952 2250 sibi
973 2197 1059 2250 esse
1078 2194 1328 2252 ornamento
1348 2170 1637 2262 existimabat,
1653 2165 1768 2274 quod

770 2317 859 2396 eius
887 2321 1117 2396 amicitiam
1141 2318 1211 2399 vel
1237 2347 1260 2397 a
1284 2321 1420 2428 prima
1452 2335 1591 2396 aetate
1619 2313 1771 2393 coluis-

770 2485 851 2560 set,
876 2466 1078 2573 quodque
1107 2466 1226 2545 nullo
1255 2495 1340 2546 non
1369 2487 1558 2574 tempore
1590 2466 1629 2542 ei
1660 2461 1771 2540 salu·-

770 2611 954 2692 berrima
984 2613 1161 2692 consilia
1185 2613 1395 2710 dedisset,
1426 2633 1611 2721 suntque
1641 2629 1769 2691 testes

771 2761 923 2840 amoris
942 2763 1006 2840 sui
1031 2761 1242 2857 millum,
1266 2783 1308 2843 et
1334 2762 1485 2841 iudicii
1505 2761 1558 2838 de
1583 2759 1770 2838 eiusdem

770 2909 1007 3018 virtutibus
1038 2908 1208 2990 litterae
1243 2909 1296 2988 ad
1327 2909 1561 2989 Zenobium
1594 2935 1618 2985 a
1651 2904 1771 2986 Stra-

771 3075 818 3133 ta
833 3049 903 3150 (¹),
929 3057 1089 3162 quibus
1118 3080 1264 3139 narrat
1290 3079 1396 3164 quot
1427 3057 1482 3137 ab
1507 3084 1557 3136 eo
1582 3053 1772 3133 declara-

770 3203 908 3282 tiones
918 3205 1158 3286 voluntatis
1174 3205 1412 3301 habuisset,
1431 3205 1693 3314 quantisque
1712 3201 1771 3280 af-

771 3348 907 3430 fectus
933 3351 1078 3434 luisset
1103 3353 1337 3434 honoribus
1367 3383 1416 3433 eo
1442 3375 1654 3463 ternpore,
1680 3375 1766 3458 quo

768 3493 1060 3581 Mediolanum
1095 3521 1271 3584 venerat
1312 3503 1429 3611 pacis
1471 3496 1768 3580 conciliandae

772 3671 916 3726 caussa
941 3650 1054 3727 intcr
1080 3647 1275 3731 Bernabo
1295 3645 1598 3730 Vicecomitem
1622 3667 1665 3726 ct
1691 3643 1772 3722 Ro-

775 3823 945 3875 manum
976 3793 1241 3878 Pontificem.
1272 3793 1406 3878 Nemo
1437 3813 1662 3888 tumeret,
1692 3794 1769 3898 qui

772 3971 857 4025 non
878 3946 991 4026 bono
1010 3947 1223 4057 praesidio
1241 3947 1397 4026 muniri
1417 3945 1770 4025 existimationem

773 4101 1770 4136 moa-moeoommomonouss

832 4168 878 4248 (r)
902 4171 981 4228 Vide
990 4170 1050 4228 hos
1062 4173 1220 4230 litterato
1223 4170 1290 4250 pud
1300 4170 1436 4230 sudium
1445 4167 1589 4228 Memoir.
1602 4165 1640 4224 de
1649 4169 1769 4225 Petrar.

773 4275 862 4332 Toni.
876 4275 934 4332 111.
950 4291 982 4351 p.
995 4271 1066 4332 633.
