4254 5824
810 645 884 749 59

356 835 460 948 gilia
487 855 529 914 et
557 829 875 913 commutabilia
901 831 1007 924 siut,
1032 828 1148 936 quod
1167 849 1349 909 mentem

358 1011 382 1061 e
406 1009 484 1062 aua
509 979 604 1062 tede
623 1000 683 1062 ‘et
717 999 835 1060 statu
858 977 1123 1072 dimoveant,
1148 975 1351 1084 quodque

358 1132 485 1212 etiam
511 1127 693 1238 improbi
718 1125 928 1222 habeant,
954 1146 996 1206 et
1020 1125 1161 1205 obsint
1184 1122 1349 1234 prohim

357 1301 410 1356 ex
432 1279 520 1384 'quo
546 1273 792 1371 conficitur,
818 1273 933 1382 quod
961 1293 1145 1367 rectum,
1167 1290 1209 1351 et
1230 1269 1356 1350 hone-

359 1443 497 1518 stum,
518 1445 559 1505 et
588 1445 682 1504 eum
712 1425 875 1504 virtute
900 1441 986 1516 est,
1019 1419 1064 1500 id
1088 1417 1221 1501 solum
1246 1417 1356 1498 iudi-

359 1570 541 1650 candum
576 1571 760 1664 honum,
793 1595 873 1648 nec
907 1568 1081 1648 beatum
1114 1591 1199 1646 esse
1236 1591 1355 1674 posse

360 1743 481 1812 eum,
507 1718 576 1796 cui
603 1743 694 1825 spes
719 1717 875 1810 omnis,
900 1733 943 1794 et
968 1714 1102 1822 ratio,
1127 1733 1170 1793 et
1196 1711 1354 1821 cogita-

360 1862 422 1941 tio
457 1889 509 1940 ex
542 1861 717 1942 fortuna
750 1859 927 1970 pendet.
960 1857 1073 1939 Huic
1109 1860 1221 1939 enim
1245 1855 1355 1938 nihil

361 2028 499 2118 puteat
526 2035 612 2088 esse
638 2009 769 2105 certi,
795 2006 1013 2114 nihilque,
1032 2006 1150 2114 quod
1168 2004 1358 2114 explora·

360 2175 453 2234 tum
483 2152 640 2234 haheat
671 2181 988 2263 permansurum
1013 2152 1119 2246 sihi,
1142 2179 1196 2231 ne
1227 2176 1357 2230 unum

361 2299 534 2406 quidem
553 2301 687 2380 diem.
709 2299 805 2382 Post
829 2299 935 2382 haec
953 2319 1248 2382 commemorat
1275 2294 1360 2376 An-

362 2469 453 2527 otor
487 2474 597 2555 quae
631 2447 837 2529 dicuntur
871 2447 1001 2542 mala,
1036 2447 1196 2556 quibua
1230 2445 1358 2526 mini-

365 2621 430 2673 me
466 2595 672 2674 exterreri
707 2595 912 2674 virtutem
949 2591 1098 2684 docet,
1132 2591 1238 2697 quia
1270 2591 1361 2696 ipsa

363 2739 480 2847 quod
508 2759 687 2821 naturae
720 2737 903 2820 debetur
938 2761 1074 2845 aequo
1111 2737 1249 2814 animo
1276 2733 1358 2814 sol-

367 2887 451 2980 vit,
475 2906 516 2966 et
543 2888 671 2996 quia,
694 2887 771 2994 qui
804 2887 893 2966 eius
922 2883 1133 2993 praesidio
1169 2883 1359 2962 munitus

365 3051 452 3126 est,
478 3035 554 3141 qui
579 3053 641 3113 est
667 3053 783 3113 totus
807 3053 934 3142 aptus
959 3058 1010 3110 ex
1041 3058 1082 3110 se
1107 3057 1171 3126 ae,
1197 3030 1360 3136 quique

366 3181 410 3258 in
428 3205 470 3258 ee
490 3209 575 3260 uno
594 3207 671 3260 sua
690 3183 810 3290 ponit
839 3183 1006 3274 omnia,
1024 3207 1244 3287 nunquam
1270 3203 1362 3287 pos-

366 3327 421 3406 sit
458 3353 543 3406 esse
581 3354 848 3408 aerumnosus
886 3329 1112 3422 etmiser,
1138 3325 1209 3408 vel·
1238 3353 1358 3420 omne

367 3471 531 3554 caelum
548 3473 650 3556 licet
670 3474 892 3588 concidat.
914 3473 1170 3581 Quanquam
1186 3470 1259 3551 hie
1275 3470 1363 3550 dia-

368 3615 507 3728 logus,
535 3623 689 3728 inquo
724 3621 945 3728 loquentes
982 3621 1247 3702 inducuntur
1273 3621 1363 3700 ani·

370 3763 426 3841 mi
462 3761 705 3880 affectiones
737 3797 833 3850 eum
865 3771 958 3878 ipsa
980 3771 1170 3864 virtute,
1202 3767 1359 3848 habeat

368 3907 530 4006 multa,
547 3937 659 4018 quae
683 3913 766 3996 tihi
791 3914 952 3997 leviora
974 3937 1017 3998 et
1035 3915 1280 3998 verbosiora
1302 3915 1365 3994 vi-

370 4053 612 4152 debuntur,
631 4087 709 4140 nec
736 4059 844 4142 hene
872 4064 1095 4146 imitentur
1119 4059 1362 4144 huiuamodi

371 4201 646 4285 familiarium
670 4205 1012 4315 disputationum
1037 4209 1231 4304 formam,
1257 4235 1361 4314 qua-
