4254 5824
875 703 907 794 9

401 882 599 962 liberavit
617 876 680 955 (Ι).
702 875 779 956 *Ea
802 899 975 986 propter
1002 874 1271 974 Ciceronem,
1297 876 1393 958 Vir-

399 1029 571 1141 gilium,
597 1025 804 1107 Senecam-
821 1025 975 1146 diurna
994 1046 1286 1133 nocturnaque
1308 1055 1397 1106 ver-

400 1177 518 1255 sabat
537 1204 688 1268 manu,
708 1196 749 1253 et
767 1172 892 1252 Livio
915 1173 1151 1286 plurimum
1175 1199 1216 1249 se
1241 1171 1396 1251 dehere

402 1322 708 1434 profitebatur,
732 1320 847 1429 quod
873 1349 925 1400 ex
949 1349 1000 1399 eo
1024 1320 1226 1432 colligens
1251 1317 1399 1401 Roma-

402 1500 481 1550 nae
513 1469 714 1550 historiae
749 1489 1042 1564 monumenta,
1075 1491 1116 1548 et
1147 1495 1397 1548 summorum

400 1619 617 1698 hominum
643 1617 826 1699 illustria
851 1619 982 1714 lacta,
1015 1639 1150 1698 totum
1176 1646 1217 1695 se
1243 1616 1296 1694 ad
1321 1616 1397 1694 illa

402 1765 608 1846 imitanda
625 1763 873 1844 inflammari
894 1764 1121 1845 sentiebat.
1142 1761 1318 1842 Litteris
1337 1784 1397 1842 ta-

402 1912 599 2020 libusque
625 1911 828 1990 doctrinis
855 1933 953 1992 ante
980 1910 1116 1990 excoli
1140 1883 1323 1989 animum
1344 1909 1400 1988 il-

403 2059 512 2154 lius,
532 2080 574 2139 et
599 2057 652 2137 ad
671 2059 920 2168 sapientiam
942 2057 1263 2165 concipiendam
1283 2086 1400 2166 prae·

404 2207 547 2316 parari
567 2204 771 2296 decebatt
791 2205 891 2284 dum
909 2233 1010 2285 vero
1028 2203 1193 2315 longius
1212 2205 1398 2284 intendit

405 2355 558 2447 aciem,
579 2374 628 2432 ut
648 2353 923 2463 investigaret
945 2376 1054 2458 quae
1073 2350 1322 2433 dissidentes
1342 2355 1402 2432 in·

406 2521 469 2580 ter
487 2527 527 2578 se
548 2497 1065 2606 philosophidocuerunt‚
1081 2499 1240 2579 nullius
1261 2527 1303 2579 se
1315 2529 1404 2608 per-

406 2647 524 2754 sequi
545 2665 699 2724 sectam
719 2663 848 2750 atque
867 2645 1275 2738 institutionem,setl
1288 2645 1403 2754 quod

405 2821 550 2874 verum
576 2794 868 2900 sincerumque
898 2812 1029 2887 esset,
1054 2792 1099 2871 id
1130 2814 1190 2873 est
1225 2814 1402 2872 naturae

404 2939 583 3054 hominis
613 2960 655 3020 et
677 2937 837 3018 Christi
858 2943 1095 3050 praeceptis
1123 2917 1405 3021 accommoda-

407 3109 518 3182 tum,
540 3115 581 3166 se
606 3087 715 3168 velle
743 3109 886 3168 tenere
911 3086 1118 3198 professus
1145 3109 1205 3168 est
1227 3085 1286 3166 (²).

381 3317 388 3324 .
407 3285 641 3308 mooe-000
645 3287 828 3310 mo
832 3287 1400 3310 omflmueoomuvo

457 3377 513 3455 ’(ι)
531 3385 621 3442 Haec
632 3379 673 3438 de
690 3397 722 3438 se
733 3382 805 3459 ipso
814 3377 957 3455 fatetur.
974 3380 1048 3436 Fuit
1064 3378 1146 3436 mihi
1167 3393 1203 3438 ut
1214 3399 1331 3459 corpus
1341 3424 1350 3454 ‚
1362 3383 1406 3440 sie
1451 3405 1454 3412 ·

407 3481 575 3558 ingenium
598 3482 700 3558 magis
723 3479 849 3558 pollens
875 3481 1091 3549 dexteritate,
1107 3501 1204 3558 quam
1228 3483 1406 3543 viribus...

409 3585 539 3664 ingenio
556 3585 604 3643 fui
620 3602 723 3661 aequo
738 3585 848 3661 potius
863 3604 964 3662 quarn
979 3597 1095 3652 acuto,
1111 3585 1153 3641 ad
1173 3603 1268 3641 omne
1283 3582 1405 3642 bonum

407 3700 440 3743 et
464 3685 593 3745 salubre
616 3686 762 3744 studium
787 3699 884 3763 apto,
908 3685 962 3743 sed
988 3685 1029 3744 ad
1053 3683 1208 3742 moralem
1233 3686 1407 3761 praecipue

408 3787 650 3866 philosophiam
676 3801 710 3846 et
736 3789 777 3848 ad
802 3791 963 3866 poeticam
986 3807 1106 3867 prono.
1133 3791 1240 3866 Epist·
1257 3786 1302 3845 aci
1322 3801 1406 3866 post.

409 3890 499 3962 Quod
522 3891 567 3947 ad
590 3891 748 3950 historica
763 3911 833 3951 vero
856 3893 967 3951 studia
989 3895 1152 3970 pertinet,
1177 3893 1243 3948 ait.
1271 3890 1407 3949 Incubui

409 3989 505 4048 unice
520 3992 608 4048 inter
622 3993 727 4052 multa
742 3993 784 4052 ad
800 3995 953 4054 notitiam
970 3995 1164 4064 vetustatis,
1181 3995 1335 4072 quoniam
1353 3993 1409 4050 mi·

409 4089 446 4147 hi
460 4109 586 4169 semper
601 4105 690 4154 aetas
705 4099 768 4155 iata
783 4095 966 4176 displicuit.

388 4249 396 4258 ,
471 4191 516 4270 (a)
541 4197 613 4254 Nou
632 4207 734 4256 rectae
756 4218 830 4256 amo
846 4199 920 4272 (his
942 4201 1043 4260 verbis
1064 4201 1226 4260 scribebat
1248 4197 1293 4256 ad
1310 4201 1409 4258 Ioan-

416 4310 486 4350 nem
510 4297 715 4374 Coiumnam)
725 4336 735 4368 ,
757 4299 813 4356 sed
829 4319 961 4358 verum.
984 4305 1099 4378 Itaque
1115 4321 1201 4360 uuna
1219 4300 1411 4376 Peripateti-

1214 4393 1229 4424 2
