4184 5806
1229 601 1302 698 ΒΟ

766 827 852 910 quo
882 799 1101 880 ferebatur
1131 797 1325 882 Clemens
1354 831 1453 914 erga
1481 805 1648 890 litteras
1678 809 1759 891 do-

767 972 940 1060 ctosque
966 949 1179 1046 homines,
1209 949 1432 1032 firmiorem
1456 981 1571 1064 spem
1596 959 1763 1038 iniicie-

767 1100 873 1178 bant
893 1098 1146 1178 Petrarchae
1172 1099 1262 1178 fore
1287 1121 1335 1182 ut
1362 1101 1396 1180 is
1421 1105 1684 1186 excitaretur
1707 1108 1761 1185 ad

765 1245 1071 1327 restituendam
1095 1240 1294 1327 Romanis
1320 1270 1449 1358 atque
1475 1249 1597 1332 Italis
1621 1255 1763 1362 pristi-

765 1422 861 1478 nam
874 1395 1127 1506 dignitatem
1146 1423 1194 1474 ac
1211 1394 1496 1504 splendorem,
1508 1389 1659 1480 et'tum
1669 1427 1760 1511 gra-

765 1573 816 1626 ve
841 1542 1098 1654 plenumque
1119 1571 1286 1622 carmen
1309 1571 1393 1624 non
1418 1549 1506 1626 sine
1527 1547 1698 1627 caelesti
1719 1573 1763 1625 a·

764 1692 883 1799 liquo
904 1693 1056 1770 mentis
1073 1693 1281 1772 instinctu
1296 1685 1408 1774 fudit
1421 1751 1431 1788 ,
1443 1721 1529 1802 quo
1545 1715 1758 1775 vetustam

764 1839 942 1950 gloriam
962 1840 1080 1919 urbis
1098 1842 1270 1956 reginae
1283 1842 1403 1950 ,eius
1422 1841 1618 1954 basilicas
1633 1901 1645 1938 ,
1660 1861 1761 1923 tem-

766 1984 861 2096 pla,
879 1985 1049 2066 theatra
1068 1985 1320 2096 reliquaque
1340 1985 1532 2068 aedificia
1552 2009 1628 2068 aut
1647 1988 1761 2066 diru-

763 2155 811 2215 ta
834 2155 907 2214 aut
928 2133 1188 2232 deformata,
1207 2137 1549 2243 ornamentisque
1570 2135 1762 2216 omnibus

766 2281 1140 2392 spoliata‚luctum
1161 2281 1483 2394 squaloremque
1496 2280 1759 2403 civium,qui

733 2469 740 2476 ·
764 2428 908 2510 multis
928 2433 1073 2512 vexati
1099 2431 1387 2528 contumeliis,
1406 2430 1685 2541 plurimisque
1703 2432 1764 2508 ia-

765 2577 869 2658 ctati
898 2579 1065 2658 iniuriis
1090 2607 1175 2659 non
1201 2600 1368 2690 turpes,
1388 2579 1459 2658 sed
1481 2577 1694 2657 miseri'ad
1711 2576 1762 2655 il-

764 2725 853 2806 lum
873 2726 1178 2840 confugiebant
1190 2786 1202 2822 ‚
1214 2726 1407 2805 omnibus
1428 2726 1530 2804 artis
1548 2722 1759 2804 coloribus

764 2975 1763 3024 “emmonem-»eom

767 3090 813 3150 eie
826 3093 978 3160 saeviret,
995 3095 1169 3170 puerinon
1185 3093 1285 3170 italio
1305 3108 1398 3160 esset,
1416 3093 1470 3149 sed
1486 3091 1581 3168 Syrio
1599 3091 1649 3148 vel
1667 3091 1766 3169 Aepy·

759 3205 851 3269 peut.
868 3195 1045 3273 Epist-sine
1059 3196 1112 3254 tit.
1126 3199 1297 3273 Postquam
1313 3213 1384 3253 vero
1397 3193 1568 3254 Petronio
1583 3194 1687 3272 magis
1700 3211 1765 3250 mo·

756 3294 873 3375 sisque
893 3295 1056 3356 debilitari
1079 3315 1148 3379 spos
1169 3311 1245 3356 suos
1267 3299 1352 3356 vittis
1376 3298 1414 3355 de
1437 3297 1543 3354 reditu
1563 3294 1761 3373 Pontificum

662 3381 665 3388 ⁴
761 3398 799 3455 in
814 3401 967 3472 Italiam,
991 3403 1074 3482 quod
1096 3401 1274 3484 mnpnifica
1300 3401 1454 3482 aedifitia
1472 3400 1631 3458 Aomionc
1646 3396 1711 3474 ipsi
1733 3409 1764 3452 et

765 3503 954 3562 Cordinolss
973 3506 1148 3564 extruenda
1163 3506 1330 3574 cumbam,
1344 3507 1479 3564 minime
1493 3505 1651 3561 continere
1656 3501 1766 3579 potuit

762 3603 968 3666 iracundiam
983 3629 1076 3666 suom
1084 3648 1095 3678 ,
1110 3625 1211 3668 cetera
1227 3610 1314 3667 inter
1326 3610 1495 3686 inquiens.-
1512 3613 1595 3666 Dum
1612 3623 1766 3684 superva-

764 3728 840 3768 cuas
855 3723 888 3769 et
903 3711 1032 3790 ineptas
1047 3727 1153 3772 turres
1169 3715 1204 3772 in
1220 3715 1398 3772 novissima
1415 3709 1581 3789 Babylone
1601 3709 1761 3766 construi-

764 3833 850 3883 mus,
865 3825 904 3872 ut
917 3814 1007 3872 caelo
1022 3828 1116 3876 tenus
1131 3815 1266 3874 scandat
1281 3815 1411 3873 ruitura
1433 3811 1606 3892 superbla,
1621 3808 1766 3870 humilli-

763 3933 851 3974 mam
874 3914 995 3976 Christi
1019 3917 1126 3976 sedem
1147 3933 1214 3976 non
1237 3929 1286 3976 est
1308 3914 1366 3995 qui
1388 3927 1521 3976 tueatur
1545 3933 1581 3974 ac
1598 3914 1759 3975 vindicet.

766 4017 821 4076 ltd.
837 4022 905 4078 Bas.
921 4037 953 4099 p.
970 4017 1037 4079 268.

907 4121 1071 4180 Bletorri
1086 4123 1226 4202 superbe
1241 4123 1274 4183 cl
1288 4121 1350 4182 ciel
1366 4121 1532 4180 nemiche.
1623 4205 1625 4210 Ι
1657 4120 1661 4133 “

1337 4227 1408 4284 Son.
1427 4231 1494 4284 cm:
1547 4226 1570 4250 '⁸
