<?xml version="1.0" encoding="UTF-8"?>
<!DOCTYPE html PUBLIC "-//W3C//DTD XHTML 1.0 Transitional//EN"
    "http://www.w3.org/TR/xhtml1/DTD/xhtml1-transitional.dtd">
<html xmlns="http://www.w3.org/1999/xhtml" xml:lang="en" lang="en">
 <head>
  <title>
</title>
<meta http-equiv="Content-Type" content="text/html;charset=utf-8" />
  <meta name='ocr-system' content='tesseract 3.04.00' />
  <meta name='ocr-capabilities' content='ocr_page ocr_carea ocr_par ocr_line ocrx_word'/>
</head>
<body>
  <div class='ocr_page' id='page_1' title='image "./franciscipetrar00fabrgoog_0178.png"; bbox 0 0 4180 5796; ppageno 0'>
   <div class='ocr_carea' id='block_1_1' title="bbox 340 831 1440 3306">
    <p class='ocr_par' dir='ltr' id='par_1_1' title="bbox 340 831 1440 3306">
     <span class='ocr_line' id='line_1_1' title="bbox 352 831 1346 942; baseline -0.008 -21"><span class='ocrx_word' id='word_1_1' title='bbox 352 844 457 921; x_wconf 90' lang='lat' dir='ltr'><strong>bant</strong></span> <span class='ocrx_word' id='word_1_2' title='bbox 490 839 657 918; x_wconf 86' lang='lat' dir='ltr'>critices</span> <span class='ocrx_word' id='word_1_3' title='bbox 691 854 734 914; x_wconf 92' lang='lat' dir='ltr'><strong>et</strong></span> <span class='ocrx_word' id='word_1_4' title='bbox 765 831 1091 942; x_wconf 83' lang='lat' dir='ltr'>diplomaticae,</span> <span class='ocrx_word' id='word_1_5' title='bbox 1116 851 1165 912; x_wconf 89' lang='lat' dir='ltr'><strong>ut</strong></span> <span class='ocrx_word' id='word_1_6' title='bbox 1197 833 1346 927; x_wconf 89' lang='lat' dir='ltr'><strong>aiunt,</strong></span> 
     </span>
     <span class='ocr_line' id='line_1_2' title="bbox 354 973 1351 1094; baseline -0.01 -26"><span class='ocrx_word' id='word_1_7' title='bbox 354 989 555 1068; x_wconf 82' lang='lat' dir='ltr'><strong>scientiae</strong></span> <span class='ocrx_word' id='word_1_8' title='bbox 568 985 764 1094; x_wconf 84' lang='lat' dir='ltr'><strong>vestigia.</strong></span> <span class='ocrx_word' id='word_1_9' title='bbox 788 978 1049 1066; x_wconf 81' lang='lat' dir='ltr'><strong>Memineris,</strong></span> <span class='ocrx_word' id='word_1_10' title='bbox 1069 975 1239 1066; x_wconf 86' lang='lat' dir='ltr'><strong>Caesar,</strong></span> <span class='ocrx_word' id='word_1_11' title='bbox 1258 973 1276 1089; x_wconf 86' lang='lat'><strong>(</strong></span> <span class='ocrx_word' id='word_1_12' title='bbox 1286 979 1351 1058; x_wconf 89' lang='lat' dir='ltr'><strong>his</strong></span> 
     </span>
     <span class='ocr_line' id='line_1_3' title="bbox 353 1102 1351 1238; baseline -0.009 -24"><span class='ocrx_word' id='word_1_13' title='bbox 353 1137 482 1216; x_wconf 86' lang='lat' dir='ltr'><strong>ferme</strong></span> <span class='ocrx_word' id='word_1_14' title='bbox 507 1133 648 1215; x_wconf 89' lang='lat' dir='ltr'><strong>verbis</strong></span> <span class='ocrx_word' id='word_1_15' title='bbox 686 1129 837 1210; x_wconf 89' lang='lat' dir='ltr'><strong>clausit</strong></span> <span class='ocrx_word' id='word_1_16' title='bbox 874 1126 1099 1237; x_wconf 88' lang='lat' dir='ltr'><strong>epistolam</strong></span> <span class='ocrx_word' id='word_1_17' title='bbox 1133 1102 1280 1238; x_wconf 81' lang='lat' dir='ltr'><strong>suam)</strong></span> <span class='ocrx_word' id='word_1_18' title='bbox 1306 1146 1351 1206; x_wconf 83' lang='lat' dir='ltr'><strong>ut</strong></span> 
     </span>
     <span class='ocr_line' id='line_1_4' title="bbox 340 1275 1351 1387; baseline -0.006 -27"><span class='ocrx_word' id='word_1_19' title='bbox 340 1279 551 1360; x_wconf 75' lang='lat' dir='ltr'><strong>bellorum</strong></span> <span class='ocrx_word' id='word_1_20' title='bbox 577 1301 618 1360; x_wconf 86' lang='lat' dir='ltr'><strong>et</strong></span> <span class='ocrx_word' id='word_1_21' title='bbox 643 1277 855 1366; x_wconf 84' lang='lat' dir='ltr'><strong>iustitiae,</strong></span> <span class='ocrx_word' id='word_1_22' title='bbox 883 1281 943 1355; x_wconf 82' lang='lat' dir='ltr'><strong>sic</strong></span> <span class='ocrx_word' id='word_1_23' title='bbox 967 1275 1139 1385; x_wconf 75' lang='lat' dir='ltr'><strong><em>linguae</em></strong></span> <span class='ocrx_word' id='word_1_24' title='bbox 1164 1292 1204 1352; x_wconf 86' lang='lat' dir='ltr'><strong>et</strong></span> <span class='ocrx_word' id='word_1_25' title='bbox 1235 1277 1351 1387; x_wconf 82' lang='lat' dir='ltr'><strong>inge-</strong></span> 
     </span>
     <span class='ocr_line' id='line_1_5' title="bbox 354 1423 1350 1538; baseline -0.006 -34"><span class='ocrx_word' id='word_1_26' title='bbox 354 1428 415 1506; x_wconf 84' lang='lat' dir='ltr'><strong>nii</strong></span> <span class='ocrx_word' id='word_1_27' title='bbox 449 1423 597 1507; x_wconf 81' lang='lat' dir='ltr'><strong>laudes</strong></span> <span class='ocrx_word' id='word_1_28' title='bbox 631 1425 850 1538; x_wconf 70' lang='lat' dir='ltr'><em>dignitatis</em></span> <span class='ocrx_word' id='word_1_29' title='bbox 882 1441 983 1502; x_wconf 79' lang='lat' dir='ltr'><strong>tuoe</strong></span> <span class='ocrx_word' id='word_1_30' title='bbox 1011 1425 1207 1532; x_wconf 83' lang='lat' dir='ltr'><strong>proprios</strong></span> <span class='ocrx_word' id='word_1_31' title='bbox 1240 1449 1350 1520; x_wconf 82' lang='lat' dir='ltr'><strong>esse,</strong></span> 
     </span>
     <span class='ocr_line' id='line_1_6' title="bbox 357 1563 1356 1682; baseline -0.006 -30"><span class='ocrx_word' id='word_1_32' title='bbox 357 1577 496 1682; x_wconf 81' lang='lat' dir='ltr'><strong>sicque</strong></span> <span class='ocrx_word' id='word_1_33' title='bbox 518 1575 624 1663; x_wconf 78' lang='lat' dir='ltr'><strong>vioe,</strong></span> <span class='ocrx_word' id='word_1_34' title='bbox 653 1593 700 1656; x_wconf 82' lang='lat' dir='ltr'><strong>ut</strong></span> <span class='ocrx_word' id='word_1_35' title='bbox 727 1573 889 1652; x_wconf 85' lang='lat' dir='ltr'><strong>mentiri</strong></span> <span class='ocrx_word' id='word_1_36' title='bbox 914 1568 989 1650; x_wconf 87' lang='lat' dir='ltr'><strong>tibi</strong></span> <span class='ocrx_word' id='word_1_37' title='bbox 1008 1571 1072 1648; x_wconf 81' lang='lat' dir='ltr'><strong>tui</strong></span> <span class='ocrx_word' id='word_1_38' title='bbox 1098 1565 1257 1658; x_wconf 85' lang='lat' dir='ltr'><strong>nolint,</strong></span> <span class='ocrx_word' id='word_1_39' title='bbox 1283 1563 1356 1646; x_wconf 84' lang='lat' dir='ltr'><strong>ho·</strong></span> 
     </span>
     <span class='ocr_line' id='line_1_7' title="bbox 357 1691 1353 1814; baseline 0 -16"><span class='ocrx_word' id='word_1_40' title='bbox 357 1739 435 1800; x_wconf 84' lang='lat' dir='ltr'><strong>stes</strong></span> <span class='ocrx_word' id='word_1_41' title='bbox 461 1739 664 1802; x_wconf 82' lang='lat' dir='ltr'><strong>metuant.</strong></span> <span class='ocrx_word' id='word_1_42' title='bbox 692 1719 805 1800; x_wconf 90' lang='lat' dir='ltr'><strong>Dum</strong></span> <span class='ocrx_word' id='word_1_43' title='bbox 830 1691 898 1799; x_wconf 88' lang='lat' dir='ltr'><strong>eos</strong></span> <span class='ocrx_word' id='word_1_44' title='bbox 916 1747 1016 1802; x_wconf 89' lang='lat' dir='ltr'><strong>vero</strong></span> <span class='ocrx_word' id='word_1_45' title='bbox 1042 1719 1353 1814; x_wconf 88' lang='lat' dir='ltr'><strong>insectabatur,</strong></span> 
     </span>
     <span class='ocr_line' id='line_1_8' title="bbox 357 1867 1355 1975; baseline 0.004 -27"><span class='ocrx_word' id='word_1_46' title='bbox 357 1870 432 1974; x_wconf 85' lang='lat' dir='ltr'><strong>qui</strong></span> <span class='ocrx_word' id='word_1_47' title='bbox 451 1868 575 1949; x_wconf 83' lang='lat' dir='ltr'><strong>salsas</strong></span> <span class='ocrx_word' id='word_1_48' title='bbox 591 1896 748 1950; x_wconf 86' lang='lat' dir='ltr'><strong>merces</strong></span> <span class='ocrx_word' id='word_1_49' title='bbox 767 1867 1072 1963; x_wconf 82' lang='lat' dir='ltr'><strong>venditabant,</strong></span> <span class='ocrx_word' id='word_1_50' title='bbox 1090 1867 1355 1975; x_wconf 83' lang='lat' dir='ltr'><strong>querebatur</strong></span> 
     </span>
     <span class='ocr_line' id='line_1_9' title="bbox 357 2013 1356 2126; baseline 0.004 -34"><span class='ocrx_word' id='word_1_51' title='bbox 357 2017 487 2095; x_wconf 88' lang='lat' dir='ltr'><strong>etiarn</strong></span> <span class='ocrx_word' id='word_1_52' title='bbox 512 2015 564 2096; x_wconf 87' lang='lat' dir='ltr'><strong>cle</strong></span> <span class='ocrx_word' id='word_1_53' title='bbox 590 2019 655 2096; x_wconf 91' lang='lat' dir='ltr'><strong>sui</strong></span> <span class='ocrx_word' id='word_1_54' title='bbox 692 2015 850 2096; x_wconf 89' lang='lat' dir='ltr'><strong>saeculi</strong></span> <span class='ocrx_word' id='word_1_55' title='bbox 875 2013 1045 2095; x_wconf 83' lang='lat' dir='ltr'><strong>inscitia</strong></span> <span class='ocrx_word' id='word_1_56' title='bbox 1070 2036 1202 2123; x_wconf 90' lang='lat' dir='ltr'><strong>atque</strong></span> <span class='ocrx_word' id='word_1_57' title='bbox 1232 2019 1356 2126; x_wconf 83' lang='lat' dir='ltr'><strong>igna-</strong></span> 
     </span>
     <span class='ocr_line' id='line_1_10' title="bbox 358 2163 1357 2275; baseline -0.001 -31"><span class='ocrx_word' id='word_1_58' title='bbox 358 2165 454 2258; x_wconf 80' lang='lat' dir='ltr'><strong>via,</strong></span> <span class='ocrx_word' id='word_1_59' title='bbox 478 2163 596 2271; x_wconf 86' lang='lat' dir='ltr'><strong>quod</strong></span> <span class='ocrx_word' id='word_1_60' title='bbox 626 2167 832 2275; x_wconf 87' lang='lat' dir='ltr'><strong>perpauci</strong></span> <span class='ocrx_word' id='word_1_61' title='bbox 858 2185 914 2244; x_wconf 88' lang='lat' dir='ltr'><strong>et.</strong></span> <span class='ocrx_word' id='word_1_62' title='bbox 932 2164 1263 2246; x_wconf 86' lang='lat' dir='ltr'><strong>illitteratissimi</strong></span> <span class='ocrx_word' id='word_1_63' title='bbox 1293 2191 1357 2244; x_wconf 89' lang='lat' dir='ltr'><strong>es-</strong></span> 
     </span>
     <span class='ocr_line' id='line_1_11' title="bbox 360 2309 1360 2422; baseline 0.005 -35"><span class='ocrx_word' id='word_1_64' title='bbox 360 2331 452 2388; x_wconf 89' lang='lat' dir='ltr'><strong>sent</strong></span> <span class='ocrx_word' id='word_1_65' title='bbox 479 2309 666 2406; x_wconf 86' lang='lat' dir='ltr'><strong>librarii,</strong></span> <span class='ocrx_word' id='word_1_66' title='bbox 697 2321 832 2419; x_wconf 83' lang='lat' dir='ltr'><strong>usque</strong></span> <span class='ocrx_word' id='word_1_67' title='bbox 862 2341 912 2391; x_wconf 90' lang='lat' dir='ltr'><strong>eo</strong></span> <span class='ocrx_word' id='word_1_68' title='bbox 936 2333 986 2392; x_wconf 91' lang='lat' dir='ltr'><strong>ut</strong></span> <span class='ocrx_word' id='word_1_69' title='bbox 1023 2313 1258 2422; x_wconf 88' lang='lat' dir='ltr'><strong>complures</strong></span> <span class='ocrx_word' id='word_1_70' title='bbox 1284 2341 1360 2392; x_wconf 91' lang='lat' dir='ltr'><strong>an·</strong></span> 
     </span>
     <span class='ocr_line' id='line_1_12' title="bbox 359 2457 1359 2569; baseline 0.003 -34"><span class='ocrx_word' id='word_1_71' title='bbox 359 2484 433 2536; x_wconf 89' lang='lat' dir='ltr'><strong>nos</strong></span> <span class='ocrx_word' id='word_1_72' title='bbox 458 2457 614 2537; x_wconf 87' lang='lat' dir='ltr'><strong>frustra</strong></span> <span class='ocrx_word' id='word_1_73' title='bbox 640 2462 1022 2565; x_wconf 59' lang='lat' dir='ltr'><strong>petierit&#39;exscribi</strong></span> <span class='ocrx_word' id='word_1_74' title='bbox 1041 2489 1147 2569; x_wconf 88' lang='lat' dir='ltr'><strong>opus</strong></span> <span class='ocrx_word' id='word_1_75' title='bbox 1170 2489 1290 2541; x_wconf 90' lang='lat' dir='ltr'><strong>suum</strong></span> <span class='ocrx_word' id='word_1_76' title='bbox 1308 2458 1359 2539; x_wconf 85' lang='lat' dir='ltr'><strong>de</strong></span> 
     </span>
     <span class='ocr_line' id='line_1_13' title="bbox 362 2603 1358 2715; baseline 0.006 -35"><span class='ocrx_word' id='word_1_77' title='bbox 362 2604 444 2680; x_wconf 78' lang='lat' dir='ltr'><strong>vita</strong></span> <span class='ocrx_word' id='word_1_78' title='bbox 470 2603 688 2691; x_wconf 83' lang='lat' dir='ltr'><strong>solitaria,</strong></span> <span class='ocrx_word' id='word_1_79' title='bbox 713 2606 829 2712; x_wconf 92' lang='lat' dir='ltr'><strong>quod</strong></span> <span class='ocrx_word' id='word_1_80' title='bbox 860 2608 949 2715; x_wconf 86' lang='lat' dir='ltr'><strong>ipse</strong></span> <span class='ocrx_word' id='word_1_81' title='bbox 975 2609 1121 2715; x_wconf 86' lang='lat' dir='ltr'><strong>paucis</strong></span> <span class='ocrx_word' id='word_1_82' title='bbox 1146 2608 1358 2686; x_wconf 90' lang='lat' dir='ltr'><strong>mensibus</strong></span> 
     </span>
     <span class='ocr_line' id='line_1_14' title="bbox 361 2749 1361 2834; baseline 0.007 -6"><span class='ocrx_word' id='word_1_83' title='bbox 361 2771 634 2832; x_wconf 81' lang='lat' dir='ltr'><strong>exaraverat.</strong></span> <span class='ocrx_word' id='word_1_84' title='bbox 668 2749 861 2833; x_wconf 88' lang='lat' dir='ltr'><strong>Malebat</strong></span> <span class='ocrx_word' id='word_1_85' title='bbox 888 2773 1027 2832; x_wconf 89' lang='lat' dir='ltr'><strong>tamen</strong></span> <span class='ocrx_word' id='word_1_86' title='bbox 1052 2753 1220 2834; x_wconf 86' lang='lat' dir='ltr'><strong>librarii</strong></span> <span class='ocrx_word' id='word_1_87' title='bbox 1246 2783 1361 2834; x_wconf 88' lang='lat' dir='ltr'><strong>men-</strong></span> 
     </span>
     <span class='ocr_line' id='line_1_15' title="bbox 362 2897 1360 3011; baseline 0.007 -35"><span class='ocrx_word' id='word_1_88' title='bbox 362 2897 461 2976; x_wconf 93' lang='lat' dir='ltr'><strong>dum</strong></span> <span class='ocrx_word' id='word_1_89' title='bbox 487 2923 616 3003; x_wconf 90' lang='lat' dir='ltr'><strong>quam</strong></span> <span class='ocrx_word' id='word_1_90' title='bbox 639 2899 906 2980; x_wconf 88' lang='lat' dir='ltr'><strong>mendacium</strong></span> <span class='ocrx_word' id='word_1_91' title='bbox 939 2904 1154 3011; x_wconf 86' lang='lat' dir='ltr'><strong>scriptoris</strong></span> <span class='ocrx_word' id='word_1_92' title='bbox 1180 2929 1288 2998; x_wconf 88' lang='lat' dir='ltr'><strong>esse,</strong></span> <span class='ocrx_word' id='word_1_93' title='bbox 1314 2907 1360 2983; x_wconf 89' lang='lat' dir='ltr'><strong>in</strong></span> 
     </span>
     <span class='ocr_line' id='line_1_16' title="bbox 362 3042 1440 3160; baseline 0.013 -40"><span class='ocrx_word' id='word_1_94' title='bbox 362 3042 519 3148; x_wconf 90' lang='lat' dir='ltr'><strong>quibus</strong></span> <span class='ocrx_word' id='word_1_95' title='bbox 545 3049 804 3158; x_wconf 84' lang='lat' dir='ltr'><strong>corrigendis</strong></span> <span class='ocrx_word' id='word_1_96' title='bbox 832 3071 962 3157; x_wconf 87' lang='lat' dir='ltr'><strong>atque</strong></span> <span class='ocrx_word' id='word_1_97' title='bbox 989 3049 1234 3160; x_wconf 84' lang='lat' dir='ltr'><strong>detegendis</strong></span> <span class='ocrx_word' id='word_1_98' title='bbox 1255 3051 1361 3131; x_wconf 87' lang='lat' dir='ltr'><strong>mul-</strong></span> <span class='ocrx_word' id='word_1_99' title='bbox 1437 3127 1440 3134; x_wconf 84' lang='lat'><em>.</em></span> 
     </span>
     <span class='ocr_line' id='line_1_17' title="bbox 362 3195 1295 3306; baseline 0.006 -38"><span class='ocrx_word' id='word_1_100' title='bbox 362 3209 451 3268; x_wconf 82' lang='lat' dir='ltr'><strong>tam</strong></span> <span class='ocrx_word' id='word_1_101' title='bbox 475 3218 600 3298; x_wconf 90' lang='lat' dir='ltr'><strong>porro</strong></span> <span class='ocrx_word' id='word_1_102' title='bbox 627 3218 669 3277; x_wconf 91' lang='lat' dir='ltr'><strong>et</strong></span> <span class='ocrx_word' id='word_1_103' title='bbox 695 3195 845 3276; x_wconf 88' lang='lat' dir='ltr'><strong>utilem</strong></span> <span class='ocrx_word' id='word_1_104' title='bbox 870 3224 1042 3306; x_wconf 88' lang='lat' dir='ltr'><strong>operam</strong></span> <span class='ocrx_word' id='word_1_105' title='bbox 1067 3197 1295 3305; x_wconf 90' lang='lat' dir='ltr'><strong>impendit.</strong></span> 
     </span>
    </p>
   </div>
   <div class='ocr_carea' id='block_1_2' title="bbox 736 3535 983 3608">
    <p class='ocr_par' dir='ltr' id='par_1_2' title="bbox 736 3535 983 3608">
     <span class='ocr_line' id='line_1_18' title="bbox 736 3535 983 3608; baseline 0 -2"><span class='ocrx_word' id='word_1_106' title='bbox 736 3535 983 3608; x_wconf 86' lang='lat' dir='ltr'>XXXVII.</span> 
     </span>
    </p>
   </div>
   <div class='ocr_carea' id='block_1_3' title="bbox 364 3777 1361 4190">
    <p class='ocr_par' dir='ltr' id='par_1_3' title="bbox 364 3777 1361 4190">
     <span class='ocr_line' id='line_1_19' title="bbox 445 3777 1361 3892; baseline 0.008 -32"><span class='ocrx_word' id='word_1_107' title='bbox 445 3777 672 3892; x_wconf 87' lang='lat' dir='ltr'><strong>Postquam</strong></span> <span class='ocrx_word' id='word_1_108' title='bbox 697 3791 821 3884; x_wconf 87' lang='lat' dir='ltr'><strong>satis,</strong></span> <span class='ocrx_word' id='word_1_109' title='bbox 840 3809 889 3868; x_wconf 87' lang='lat' dir='ltr'><strong>ut</strong></span> <span class='ocrx_word' id='word_1_110' title='bbox 917 3790 1194 3884; x_wconf 80' lang='lat' dir='ltr'><strong>arbitramur,</strong></span> <span class='ocrx_word' id='word_1_111' title='bbox 1214 3788 1266 3868; x_wconf 91' lang='lat' dir='ltr'><strong>de</strong></span> <span class='ocrx_word' id='word_1_112' title='bbox 1286 3787 1361 3867; x_wconf 90' lang='lat' dir='ltr'><strong>Pe-</strong></span> 
     </span>
     <span class='ocr_line' id='line_1_20' title="bbox 364 3927 1361 4044; baseline 0.011 -41"><span class='ocrx_word' id='word_1_113' title='bbox 364 3927 558 4010; x_wconf 88' lang='lat' dir='ltr'><strong>trarchae</strong></span> <span class='ocrx_word' id='word_1_114' title='bbox 585 3935 795 4040; x_wconf 89' lang='lat' dir='ltr'><strong>epistolis,</strong></span> <span class='ocrx_word' id='word_1_115' title='bbox 815 3937 953 4044; x_wconf 88' lang='lat' dir='ltr'><strong>deque</strong></span> <span class='ocrx_word' id='word_1_116' title='bbox 979 3939 1129 4016; x_wconf 89' lang='lat' dir='ltr'><strong>ceteris</strong></span> <span class='ocrx_word' id='word_1_117' title='bbox 1153 3938 1243 4016; x_wconf 89' lang='lat' dir='ltr'><strong>eius</strong></span> <span class='ocrx_word' id='word_1_118' title='bbox 1266 3938 1361 4015; x_wconf 89' lang='lat' dir='ltr'><strong>scri·</strong></span> 
     </span>
     <span class='ocr_line' id='line_1_21' title="bbox 365 4074 1360 4190; baseline 0.01 -38"><span class='ocrx_word' id='word_1_119' title='bbox 365 4075 451 4180; x_wconf 86' lang='lat' dir='ltr'><strong>ptis</strong></span> <span class='ocrx_word' id='word_1_120' title='bbox 475 4074 682 4174; x_wconf 82' lang='lat' dir='ltr'><strong>diximus,</strong></span> <span class='ocrx_word' id='word_1_121' title='bbox 708 4103 918 4190; x_wconf 88' lang='lat' dir='ltr'><strong>superest,</strong></span> <span class='ocrx_word' id='word_1_122' title='bbox 944 4105 992 4165; x_wconf 92' lang='lat' dir='ltr'><strong>ut</strong></span> <span class='ocrx_word' id='word_1_123' title='bbox 1018 4105 1250 4164; x_wconf 85' lang='lat' dir='ltr'><strong>extremum</strong></span> <span class='ocrx_word' id='word_1_124' title='bbox 1270 4084 1360 4162; x_wconf 89' lang='lat' dir='ltr'><strong>eius</strong></span> 
     </span>
    </p>
   </div>
   <div class='ocr_carea' id='block_1_4' title="bbox 365 4221 1360 4386">
    <p class='ocr_par' dir='ltr' id='par_1_4' title="bbox 365 4221 1360 4386">
     <span class='ocr_line' id='line_1_22' title="bbox 365 4221 1360 4340; baseline 0.01 -42"><span class='ocrx_word' id='word_1_125' title='bbox 365 4221 481 4304; x_wconf 84' lang='lat' dir='ltr'><strong>vitae</strong></span> <span class='ocrx_word' id='word_1_126' title='bbox 507 4235 675 4306; x_wconf 80' lang='lat' dir='ltr'><strong>cursum</strong></span> <span class='ocrx_word' id='word_1_127' title='bbox 699 4257 978 4338; x_wconf 73' lang='lat' dir='ltr'><strong>exponamus,</strong></span> <span class='ocrx_word' id='word_1_128' title='bbox 1004 4260 1056 4312; x_wconf 85' lang='lat' dir='ltr'><strong>ex</strong></span> <span class='ocrx_word' id='word_1_129' title='bbox 1081 4259 1167 4340; x_wconf 91' lang='lat' dir='ltr'><strong>quo</strong></span> <span class='ocrx_word' id='word_1_130' title='bbox 1192 4230 1360 4311; x_wconf 86' lang='lat' dir='ltr'><strong>intelli-</strong></span> 
     </span>
     <span class='ocr_line' id='line_1_23' title="bbox 1163 4355 1177 4386; baseline 0 0"><span class='ocrx_word' id='word_1_131' title='bbox 1163 4355 1177 4386; x_wconf 81' lang='grc' dir='ltr'>Ι</span> 
     </span>
    </p>
   </div>
   <div class='ocr_carea' id='block_1_5' title="bbox 0 0 2116 5796">
    <p class='ocr_par' dir='ltr' id='par_1_5' title="bbox 0 0 2116 5796">
     <span class='ocr_line' id='line_1_24' title="bbox 0 0 2116 5796; baseline 0 0"><span class='ocrx_word' id='word_1_132' title='bbox 0 0 2116 5796; x_wconf 95' lang='lat' dir='ltr'><strong> </strong></span> 
     </span>
    </p>
   </div>
  </div>
 </body>
</html>
