4254 5824
1252 629 1327 720 82

788 831 851 910 vit
873 845 1057 907 erratum
1075 855 1219 924 suum,
1236 828 1467 936 multisque
1493 827 1692 946 lacrymis
1710 837 1782 918 de·

786 975 924 1056 flevit.
962 971 1030 1056 Ad
1057 973 1416 1086 quadragesimam
1441 1003 1598 1058 annum
1626 1009 1779 1095 appro-

778 1123 989 1232 pinquans
1014 1116 1103 1233 (his
1124 1123 1263 1204 verbis
1283 1123 1337 1202 de
1360 1151 1402 1202 se
1424 1127 1515 1233 ipso
1542 1124 1780 1239 loquitur),

782 1265 879 1348 dum
902 1264 1043 1350 adhuc
1068 1289 1106 1348 ct
1131 1269 1284 1351 caloris
1303 1273 1404 1352 sotis
1431 1291 1532 1352 asset
1554 1293 1594 1354 at
1613 1277 1779 1368 virium,

784 1423 866 1494 non
883 1416 1015 1496 solum
1028 1414 1201 1526 factam
1220 1417 1480 1510 obscoenam,
1500 1419 1571 1502 sod
1595 1427 1681 1503 cios
1699 1453 1780 1506 me·

787 1568 957 1644 moriam
982 1593 1135 1646 amnem
1162 1569 1222 1646 sic
1249 1567 1405 1665 obieci,
1423 1573 1544 1678 quasi
1570 1599 1780 1682 nunquam

770 1711 977 1824 feminam
995 1719 1263 1827 aspexissem.
1289 1716 1426 1798 Deum
1447 1747 1620 1826 quoque
1645 1722 1705 1798 sic
1723 1719 1780 1800 al·-

783 1865 996 1971 loquitur.
1023 1858 1352 1984 Misericorditer
1367 1863 1592 1974 providisti
1616 1864 1781 1945 deliciis

780 2014 929 2092 nostris
947 2039 969 2088 e
987 2007 1119 2088 medio
1137 2007 1331 2099 sublatis,
1352 2037 1444 2091 cum
1464 2009 1611 2120 quibus
1635 2011 1778 2093 dexte-

784 2189 831 2243 ra
856 2177 932 2241 tua
956 2187 1046 2270 spes
1070 2179 1232 2238 nostros
1258 2185 1280 2235 e
1304 2180 1415 2238 terro
1434 2185 1544 2270 perte
1575 2159 1776 2241 radicitus

782 2311 1033 2420 extirpavit:
1074 2305 1243 2386 iuvenili
1276 2325 1413 2388 aetate
1448 2312 1648 2390 revocasti
1681 2309 1776 2398 e'as,

781 2477 910 2537 morte
934 2455 1119 2566 quidem,
1144 2473 1189 2531 ut
1222 2479 1368 2564 spero,
1391 2453 1479 2532 illis
1515 2453 1777 2543 atili,.nobis

781 2608 1044 2692 neccssaria,
1064 2623 1105 2681 et
1125 2599 1338 2682 abstulisti
1357 2629 1385 2680 a
1402 2599 1519 2682 nobis
1543 2605 1776 2683 animarum
1809 2629 1816 2634 ·

693 2813 695 2816 -
779 2773 1012 2832 nostrarum
1037 2749 1203 2834 vinculo
1224 2809 1233 2830 .
1253 2814 1262 2830 .
1281 2811 1322 2830 ..
1355 2749 1454 2830 Com
1479 2777 1551 2863 ego
1578 2774 1619 2831 et
1631 2748 1778 2860 frater

779 2929 887 2982 meas
910 2903 1069 3012 gemino
1104 2898 1254 3010 laqueo
1290 2917 1536 2988 teneremur,
1561 2919 1775 3010 atrumque

779 3050 970 3128 contrivit
994 3075 1142 3126 manus
1167 3067 1261 3128 tua.
1298 3048 1396 3150 Quo
1422 3077 1475 3127 ex
1499 3047 1592 3128 loco
1619 3049 1774 3127 coniici

781 3223 899 3304 posse
925 3195 1097 3276 videtur
1127 3217 1303 3276 matrem
1336 3193 1608 3290 Franciscae‚
1643 3222 1776 3301 quae-

780 3369 949 3450 cunque
970 3341 1045 3420 illa
1066 3342 1196 3423 fuerit
1216 3337 1385 3454 (patria
1403 3342 1576 3450 quidem
1594 3337 1775 3423 Arenio-

779 3491 918 3570 nensis
929 3489 1055 3568 fuisse
1066 3484 1380 3602 videtur)‚non
1391 3490 1526 3570 multo
1538 3509 1632 3598 post
1646 3515 1773 3597 quam

779 3636 895 3716 illam
921 3636 1279 3732 ediderat‚vitam
1302 3640 1503 3717 amisisse.
1530 3633 1613 3715 Hic
1636 3661 1772 3731 casus,

780 3788 1061 3866 conscientiae
1089 3803 1273 3880 morsus3
1297 3811 1384 3892 quo
1419 3805 1565 3866 noctes
1595 3781 1772 3890 diesque

752 3941 757 3948 '
779 3931 1063 4028 exedebatur,
1075 3932 1359 4041 turpitudinis
1379 3951 1534 4027 metuo,
1548 3951 1699 4010 auctus
1717 3929 1771 4008 ab

777 4081 828 4157 iis
844 4107 954 4186 quae
970 4077 1024 4158 de
1042 4081 1288 4160 castimonia
1307 4081 1391 4159 suis
1413 4082 1458 4158 in
1474 4081 1642 4187 scriptis
1656 4103 1773 4188 prae·

777 4223 996 4308 dicaverat
1019 4221 1336 4338 (turpissimum
1361 4231 1576 4321 estasim,
1597 4220 1770 4334 quando
