4260 5826
1214 607 1324 724 184

775 823 929 872 rerum.
960 801 1003 871 Et
1037 801 1231 896 praedicto
1262 807 1380 904 igitur
1410 808 1606 905 Magnifico
1636 811 1764 881 Domi-

776 946 822 990 no
845 920 993 991 dimitto
1016 925 1181 994 tabulam
1203 951 1339 1010 meam,
1363 930 1442 998 sive
1467 931 1611 1002 iconam
1633 933 1765 1002 uvir-

776 1043 875 1138 ginis
905 1042 1067 1126 Mariae,
1097 1048 1224 1139 operis
1256 1048 1381 1131 Zotti,
1410 1053 1569 1144 pictoris
1601 1054 1764 1149 egregii,
1839 1071 1841 1076 '

776 1189 872 1258 quac
894 1165 989 1234 mihi
1018 1167 1066 1235 ab
1087 1169 1205 1238 amico
1235 1193 1318 1240 meo
1352 1171 1535 1241 Michaele
1558 1171 1699 1241 Vannio
1721 1175 1766 1242 de

777 1284 970 1358 Florentia
985 1288 1095 1358 missa
1108 1309 1180 1358 est.
1194 1291 1311 1360 Cuius
1326 1295 1653 1386 pulchritudinem
1666 1297 1768 1390 igno·

775 1426 901 1474 rantes
931 1434 1008 1476 non
1039 1411 1286 1507 intelligunt:
1318 1417 1486 1511 magistri
1518 1434 1641 1484 autem
1673 1417 1767 1484 artis

776 1545 947 1622 stupent.
970 1529 1072 1600 Hanc
1102 1533 1248 1603 iconam
1277 1537 1351 1628 ipsi
1383 1537 1540 1606 Domino
1571 1535 1768 1633 Magnifico

775 1673 856 1718 moo
879 1651 981 1747 lego,
996 1672 1039 1720 ut
1061 1654 1142 1748 ipsa
1166 1655 1281 1752 Virgo
1304 1658 1503 1728 benedicta
1519 1659 1593 1726 sibi
1617 1660 1665 1726 sit
1688 1681 1771 1752 pro·

776 1771 871 1862 pitis
894 1775 993 1866 apud
1013 1772 1134 1844 filium
1157 1799 1266 1845 snum
1289 1777 1429 1852 IESVM
1448 1779 1657 1850 Christum.
1675 1775 1772 1846 mniss

776 1893 830 1960 cis
852 1895 1009 1964 minoris
1033 1908 1168 1980 status,
1191 1900 1337 1968 scilicet
1367 1901 1570 1972 carissimis
1594 1901 1707 1980 mihi,
1728 1901 1771 1967 lt·

776 2015 911 2085 beuter
928 2042 1060 2115 magna
1074 2019 1324 2100 dimitterem,
1340 2020 1373 2088 si
1393 2018 1551 2090 facultas
1566 2039 1664 2090 esset
1681 2019 1772 2086 ube·

776 2137 873 2206 rior:
897 2139 962 2214 sed
985 2138 1156 2210 affectum
1186 2141 1401 2210 librabunt.
1432 2141 1611 2237 Magistro
1645 2142 1771 2208 Dona-

777 2275 815 2326 to
838 2259 885 2326 de
916 2259 1024 2330 Prato
1047 2261 1195 2342 Veteri,
1225 2263 1484 2359 grammaticae
1514 2261 1772 2354 praeceptori,

778 2403 877 2448 nunc
893 2378 1062 2450 venetiis
1084 2383 1293 2464 habitanti,
1309 2385 1340 2450 si
1357 2383 1452 2476 quid
1476 2383 1570 2450 mihi
1586 2383 1698 2451 debet
1720 2399 1768 2448 est

778 2518 930 2580 mutuo,
951 2503 1055 2594 quod
1078 2521 1261 2597 quantum
1284 2503 1350 2582 sit,
1371 2503 1519 2581 nescio;
1542 2502 1614 2575 ‚sed
1637 2495 1773 2594 utique

779 2625 1017 2715 pertimeat,
1047 2626 1218 2705 remitto,
1240 2643 1278 2692 et
1308 2623 1422 2719 legor
1446 2645 1515 2690 nec
1538 2624 1646 2701 volo,
1668 2620 1770 2712 quod

778 2743 913 2812 heredi
935 2742 1031 2813 hanc
1055 2745 1103 2812 ob
1124 2769 1290 2814 caussam
1319 2745 1366 2814 ad
1399 2742 1547 2836 aliquid
1577 2761 1771 2810 teneatur.

780 2863 834 2932 De
864 2867 973 2957 equis
1002 2867 1113 2948 meis,
1143 2868 1175 2936 si
1206 2891 1301 2960 quos
1331 2865 1502 2935 habuero
1532 2865 1575 2932 in
1604 2861 1772 2957 tempore

781 2987 966 3054 transitus
995 2989 1086 3070 mei,
1118 2989 1188 3082 qui
1218 2989 1435 3082 placuerint
1467 2986 1698 3055 Bunzanello
1728 2983 1776 3051 de

780 3103 961 3201 Viguntia
1006 3127 1044 3176 et
1080 3108 1293 3190 Lumbardo
1323 3133 1344 3176 a
1375 3107 1522 3187 Serico,
1551 3105 1773 3174 concivibus

780 3226 1087 3310 Paduanis,·v010
1101 3231 1205 3324 quod
1226 3231 1331 3300 inter
1354 3252 1417 3298 eos
1437 3228 1665 3306 sortiantur,
1688 3223 1775 3317 quis

781 3351 947 3443 primum
961 3352 1096 3446 eligat,
1111 3353 1198 3443 qnia
1215 3350 1440 3423 secundum.
1457 3349 1502 3417 Et
1518 3366 1669 3441 praeter
1683 3345 1774 3423 boo,

782 3473 883 3542 dicto
904 3471 1137 3555 Lumbardo,
1153 3463 1222 3567 qui
1245 3495 1375 3542 rerum
1398 3471 1553 3542 suarum'
1574 3471 1702 3537 curam
1716 3465 1779 3534 tis·

783 3619 808 3688 p
834 3594 928 3675 suit,
944 3613 987 3664 ut
1011 3619 1071 3663 res
1095 3619 1193 3664 meas
1216 3613 1363 3692 ageret„
1386 3595 1593 3689 obligatum
1615 3613 1673 3658 me
1693 3610 1778 3655 con·

784 3619 967 3784 fihr‘in
997 3734 1149 3786 centnm
1180 3735 1217 3785 et
1247 3717 1406 3811 triginta
1435 3733 1600 3808 quatuor
1631 3709 1777 3778 ducatis

788 3837 891 3916 auri,
915 3855 952 3906 et
975 3837 1218 3916 solidiana,
1240 3861 1334 3930 quos
1354 3833 1538 3930 expendit
1567 3834 1610 3902 in
1629 3831 1782 3902 utilita-

787 3957 892 4025 tibus
913 3958 1024 4027 meis:
1048 3963 1085 4028 e't
1107 3961 1227 4028 multo
1259 3958 1436 4052 amplius:
1459 3957 1542 4036 sed,
1565 3954 1662 4025 facta
1684 3951 1784 4020 ulti-

788 4099 847 4147 mo
868 4078 969 4148 inter
994 4103 1061 4150 nos
1083 4081 1251 4150 omnium
1272 4067 1782 4167 ratione,dictaeq1iantita-

789 4199 838 4266 tis
861 4199 936 4269 sibi
956 4201 1109 4272 debitor
1131 4203 1311 4274 remansi:
1335 4226 1447 4294 quam
1469 4203 1501 4270 si
1525 4217 1612 4268 ante
1633 4213 1780 4284 accepe-
