4180 5796
827 535 942 643 185

389 763 458 845 rit,
482 763 606 853 (sicut
629 783 739 853 spero
761 759 837 827 cito
860 755 1012 846 facere)
1042 755 1139 824 bene
1167 753 1258 823 erit:
1282 755 1376 823 alio-

390 887 486 979 quin
516 885 623 963 volo,
651 881 754 976 quod
782 882 892 948 heres
922 901 1025 947 meus
1056 896 1141 946 ante
1173 877 1296 944 omnia
1325 877 1375 943 si·-

387 1006 427 1078 bi
458 1005 674 1075 satisfacere
706 1019 897 1072 tencatur:
921 999 966 1068 de
999 1023 1075 1093 quo
1098 999 1225 1066 debito
1248 998 1376 1065 chiro-

385 1127 569 1222 graphum
598 1147 720 1193 meum
750 1122 882 1203 habet,
904 1121 1006 1215 quod
1037 1122 1213 1188 restituat
1236 1117 1371 1187 heredi

386 1271 467 1315 meo
491 1249 571 1340 ipse
595 1223 846 1324 Lumbardu's2
870 1243 962 1312 Item
990 1243 1074 1336 lego
1106 1241 1179 1334 ipsi
1202 1239 1377 1307 Lumbar·

384 1365 432 1433 do
462 1369 644 1460 scyphum
673 1391 797 1436 meum
826 1389 985 1460 parvum
1015 1362 1220 1431 rotundum
1241 1384 1375 1456 argen-

383 1505 487 1556 teum
532 1507 568 1556 et
607 1507 804 1568 auratum,
841 1511 925 1554 cum
961 1509 1037 1578 quo
1073 1483 1176 1551 bibat
1216 1505 1373 1574 aquarn,

383 1631 494 1700 quam
516 1607 681 1677 libenter
704 1608 821 1688 bibit,
848 1610 968 1676 multo
988 1605 1171 1674 libentius
1194 1627 1306 1695 quam
1322 1603 1376 1670 vi-

382 1753 489 1796 num:
511 1729 751 1822 Presbytero·
768 1747 891 1797 autem
920 1728 1052 1796 loanni
1076 1724 1284 1803 Abocheta,
1306 1747 1375 1790 cu·-

382 1850 480 1918 stodi
503 1849 690 1918 Ecclesiae
709 1869 877 1931 nostrae,
898 1848 1140 1918 Breviarium
1162 1869 1285 1914 meum
1306 1865 1377 1912 ma·

379 1991 512 2064 gnum,
536 1969 639 2064 qnod
661 1971 830 2040 Veneriis
852 1972 924 2040 emi
946 1995 1014 2064 pro
1038 1969 1163 2063 pretio
1187 1961 1380 2035 librarum

380 2109 550 2161 centurn:
573 2116 616 2160 ea
636 2111 760 2161 tamen
783 2095 865 2188 lege
881 2090 981 2158 illud
996 2092 1032 2158 ei
1049 2088 1216 2169 dimitto,
1232 2105 1274 2156 ut
1292 2105 1374 2180 post

379 2214 461 2282 cius
478 2214 624 2282 obitum
640 2233 829 2284 remancat
846 2215 889 2281 in
904 2212 1081 2282 Sacristia
1098 2210 1291 2279 Paduanae
1308 2209 1371 2276 Ec-

379 2335 515 2403 clesiae
543 2335 589 2404 ad
619 2336 845 2428 obsequium
873 2353 1102 2428 perpetuum
1132 2331 1377 2423 Presbytero·-

378 2477 481 2534 rum,
501 2475 544 2523 ut
567 2458 648 2548 ipse
672 2445 875 2548 Presbyter
906 2445 1081 2534 ioannes,
1102 2471 1139 2520 et
1170 2454 1236 2519 alii
1263 2441 1381 2518 orent'

376 2573 436 2662 (si
459 2578 513 2645 eis
534 2579 707 2671 placeat)
735 2578 927 2646 Christum
959 2595 995 2643 et
1026 2577 1064 2642 B.
1086 2573 1280 2668 Virginem
1301 2595 1371 2666 pro

376 2719 453 2763 me.
478 2697 519 2763 D.
542 2697 673 2766 Ioanni
696 2697 742 2765 de
766 2697 962 2776 Certaldo‚
994 2719 1059 2763 scu
1088 2695 1281 2773 Boccatio3
1304 2715 1371 2762 ve-

374 2817 541 2885 recunde
565 2817 762 2887 admodum
784 2837 889 2890 tanto
906 2819 991 2888 viro
1015 2837 1089 2886 tam
1111 2815 1299 2883 modicum
1320 2815 1370 2881 le-

374 2959 439 3031 g03
466 2940 743 3036 quinquaginta
770 2940 929 3008 florenos
962 2940 1047 3007 auri
1077 2938 1123 3005 de
1143 2935 1366 3014 ¹Florentia,

375 3081 444 3150 pro
473 3085 549 3128 una
576 3079 681 3130 veste
712 3061 887 3141 hiemali,
919 3061 965 3129 ad
997 3060 1165 3128 studium
1194 3057 1373 3127 lucubra-

370 3179 571 3272 tionesque
593 3200 814 3249 nocturnas.
836 3182 1017 3277 Magistro
1032 3182 1194 3249 Thomae
1215 3179 1365 3246 Bamba-

372 3299 446 3368 siae
476 3300 522 3367 de
552 3300 727 3370 Ferraria
749 3293 840 3398 ⁴lego
868 3303 1030 3370 Leutum
1060 3324 1183 3368 meum
1210 3299 1367 3379 bonum,

372 3439 414 3488 ut
431 3446 517 3490 eum
532 3441 637 3491 sonet
661 3448 736 3492 non
751 3447 822 3516 pro
838 3425 1007 3493 vanitate
1032 3423 1173 3491 saeculi
1197 3421 1360 3516 fugacis,

370 3541 433 3608 sed
455 3543 501 3611 ad
521 3544 672 3613 laudern
695 3545 764 3611 Dei
787 3546 952 3613 aeterni.
974 3543 1163 3612 Praedicti
1186 3559 1310 3609 antem
1331 3565 1365 3609 a·

368 3661 456 3728 mici
472 3665 544 3730 mei
560 3664 606 3732 de
622 3665 811 3757 parvitate
826 3665 1045 3734 huiusmodi
1059 3668 1269 3761 legatorum
1284 3685 1359 3730 non

368 3803 424 3849 me
448 3803 640 3865 accusent,
662 3785 726 3853 sed
750 3786 962 3867 fortunam
992 3787 1120 3881 siquid
1148 3803 1204 3854 cst
1235 3784 1360 3852 sortu-

367 3925 431 3968 na.
452 3901 497 3969 Et
517 3921 672 3997 propter
696 3908 797 3975 hunc
820 3927 1035 4004 respectum
1050 3909 1184 3992 distuli
1200 3895 1253 3974 ‘ad
1275 3906 1364 3972 ulti-

366 4045 485 4102 mum,
516 4047 628 4116 quem
658 4029 823 4120 primum
856 4053 935 4098 esse
966 4033 1113 4111 decuit,
1145 4029 1363 4123 magistrum

361 4143 541 4213 ioannem
560 4146 606 4216 de
628 4151 793 4231 Dundis,
817 4151 1033 4243 physicum,
1065 4135 1361 4220 astrononiorum
