4260 5826
511 640 523 696 *
800 649 880 745 95

345 829 507 926 ricula,
538 851 587 912 ut
613 828 859 941 religionem
892 848 936 910 et
970 829 1203 927 iustitiam,
1227 859 1337 942 quae

345 999 442 1060 sunt
462 977 635 1061 vincula
658 976 868 1058 humanae
894 978 1129 1074 sociatam,
1155 978 1336 1077 coleret,

343 1147 393 1210 ut
418 1155 589 1208 suorum
622 1126 834 1207 factorum
856 1125 1052 1234 exempla
1082 1153 1134 1204 ex
1169 1130 1338 1208 summis

248 1282 255 1294 '
343 1277 445 1356 viris
465 1293 631 1386 peteret
643 1333 655 1370 ,
667 1301 850 1386 quorum
871 1275 985 1354 vitae
1005 1295 1102 1354 sunt
1119 1278 1342 1388 consigna-

346 1441 414 1500 tae
445 1420 624 1517 litteris,
650 1421 869 1504 declarant
899 1421 1073 1530 quidem
1108 1449 1218 1528 quae
1248 1427 1338 1506 eius

344 1567 542 1659 voluntas
556 1589 684 1664 esset,
704 1570 906 1677 quodque
925 1571 1017 1650 eius
1040 1568 1265 1650 consilium
1286 1572 1338 1650 de

345 1717 586 1829 Republica
608 1719 716 1798 benc
735 1747 784 1799 ac
806 1720 1021 1827 sapienter
1041 1717 1344 1798 administran-

345 1865 420 1946 da.
447 1867 661 1948 Postremo
692 1865 839 1946 dolere
871 1894 913 1946 sc
939 1869 1024 1961 ait,
1050 1866 1170 1975 q'und
1198 1895 1249 1946 ea
1276 1869 1341 1946 sui

342 2013 533 2094 conditio
558 2033 687 2108 esset,
705 2041 817 2120 quae
835 2041 920 2092 nen
938 2013 1188 2122 pstiebatur
1206 2041 1248 2094 se
1269 2014 1341 2094 ad·

344 2160 489 2242 volare
516 2155 712 2255 Romam,
733 2180 776 2240 et
800 2159 988 2240 eiusdem
1009 2159 1149 2240 laudis
1173 2163 1346 2270 partici-

344 2335 441 2418 pem
465 2337 576 2404 esse,
597 2309 672 2388 sed
701 2308 895 2418 profectu
916 2335 963 2388 se
992 2303 1267 2405 effecturum,
1293 2329 1345 2391 ut

345 2475 491 2536 tantae
511 2459 575 2535 rei
596 2455 705 2535 fama
726 2455 851 2566 longe
874 2455 1047 2562 lateque
1070 2458 1341 2566 pervaderet.

345 2597 465 2700 Quae
490 2602 705 2710 rescripsit
729 2599 972 2697 Tribunus,
998 2601 1103 2682 dans
1128 2603 1295 2684 litteras
1319 2632 1343 2683 e
1371 2709 1376 2718 .

344 2744 563 2860 Capitolio
587 2779 698 2832 anno
723 2751 777 2830 ab
795 2749 981 2832 liberata
1003 2748 1243 2858 Republica
1260 2752 1343 2860 pri·

344 2924 435 2993 nro,
457 2925 572 3008 spem
598 2920 808 2980 auxerunt
832 2901 879 2978 in
906 2896 1157 2993 Petrarcba‚
1184 2899 1272 2978 fore
1292 2919 1342 2978 ut

345 3045 528 3154 inceptis
553 3044 721 3152 reliqua
747 3045 1069 3154 responderent,
1094 3073 1232 3152 neque
1258 3071 1342 3126 cer-

345 3193 454 3272 savit
472 3221 642 3276 monere
665 3191 903 3274 Tribunum
922 3195 1081 3303 ipsum,
1099 3213 1152 3302 ut,
1173 3203 1280 3272 esset
1306 3195 1341 3272 is

346 3341 422 3447 qui
452 3339 604 3420 haberi
620 3339 825 3436 uolebat,
850 3341 1020 3448 sibique
1049 3365 1212 3448 semper
1236 3365 1341 3419 con-

344 3506 498 3580 staret,
518 3507 561 3566 et
587 3513 637 3566 ea
659 3484 842 3582 faceret,
862 3487 1066 3566 scriberet
1090 3506 1133 3568 et
1152 3485 1342 3594 loquere·

345 3653 442 3729 tur,
466 3663 576 3746 quae
602 3661 764 3743 aequus
795 3663 918 3716 nemo
944 3643 1085 3748 posset
1110 3634 1342 3744 reprehen-

345 3779 464 3860 dere.
486 3781 707 3864 Calam'um
724 3813 825 3868 vero
846 3786 1017 3871 exacuit
1038 3783 1238 3866 adversus
1258 3811 1343 3862 ma·-

346 3955 455 4039 gnae
488 3935 759 4014 auctoritatis
789 3932 1025 4030 bominem,
1056 3937 1133 4041 qni
1171 3933 1340 4013 dixerat

347 4073 499 4156 damno
524 4075 615 4156 fore
634 4077 831 4158 Romanis
856 4082 957 4190 ipsis
979 4099 1270 4188 recuperatam
1290 4079 1341 4159 li·-

346 4219 575 4320 bertatem,
594 4223 910 4335 plurimumque
928 4227 1144 4335 expedire,
1158 4257 1212 4308 ne
1231 4247 1342 4308 cete-
