4254 5824
1241 615 1319 720 56

786 807 970 892 Virorum
993 809 1243 901 illustrium,
1256 837 1298 894 et
1318 835 1505 921 quatuor
1525 843 1659 921 usque
1678 815 1777 896 libri

785 983 916 1038 rerum
932 957 1274 1050 memorabilium,
1294 963 1473 1071 quibus,
1495 961 1785 1044 clarorum'vi-

788 1136 930 1188 rorum
962 1137 1058 1190 cum
1086 1107 1337 1192 Latinorum
1372 1132 1463 1192 tum
1492 1107 1780 1208 Graecorum,

783 1286 882 1368 cum
914 1257 1108 1340 'veterum
1149 1280 1243 1338 tum
1268 1261 1553 1338 recentiorum
1583 1263 1782 1369 proposi-

784 1407 839 1484 tis
866 1403 1092 1513 exemplis,
1118 1405 1225 1512 quid
1261 1427 1426 1486 rectum
1463 1429 1505 1487 et
1534 1403 1780 1504 honestum,

783 1553 976 1660 quidque
1001 1554 1241 1635 imitatione
1267 1577 1309 1635 et
1329 1555 1457 1635 laude
1476 1556 1651 1668 dignum
1675 1577 1781 1636 esset

786 1701 993 1782 ostendit:
1018 1700 1134 1802 Quid
1155 1731 1239 1782 non
1260 1698 1527 1812 praedicavit
1547 1705 1600 1784 de
1619 1701 1796 1823 sapien·-

682 1960 685 1965 ,
784 1848 1024 1931 tiaNumae
1044 1850 1268 1962 Pompilii,
1283 1855 1360 1960 qui
1384 1855 1554 1963 optimis
1572 1854 1781 1933 institutis

785 1999 934 2110 populi
954 2000 1132 2082 Romani
1152 2000 1352 2084 felicitati
1371 2001 1604 2097 consuluit,
1627 2003 1679 2082 de
1700 2005 1784 2112 pie·

786 2168 874 2228 tate
909 2147 1032 2230 Bruti
1068 2152 1113 2228 in
1145 2152 1354 2259 patriam,
1387 2177 1516 2258 quarn
1551 2150 1782 2264 tyrannide

785 2293 1011 2405 Tarquinii
1038 2298 1211 2408 superbi
1232 2294 1460 2394 liberavit,
1484 2298 1537 2378 de
1564 2301 1784 2379 continen·
1863 2409 1867 2418 Ι

786 2446 849 2524 tia
884 2442 929 2524 G.
956 2443 1176 2541 Fabricii,
1205 2446 1259 2526 de
1283 2449 1632 2558 magnanimitate
1659 2443 1782 2525 Decii

786 2596 920 2701 patris
933 2653 944 2689 ,
957 2597 1033 2702 qui
1058 2592 1191 2715 lilium
1208 2593 1382 2676 devovit
1403 2617 1445 2676 et
1468 2591 1637 2676 immisit*
1653 2597 1703 2674 ‘in
1719 2596 1783 2713 'ar-

786 2763 917 2824 matus
940 2718 1128 2826 hostium
1153 2747 1319 2854 copias,
1345 2745 1397 2824 de
1415 2742 1487 2835 ΙΜ’
1505 2714 1627 2829 Curii
1653 2713 1787 2852 parsi-

786 2895 951 2986 monia,
986 2892 1038 2973 de
1064 2889 1121 2972 M.
1152 2891 1304 3003 Reguli
1330 2891 1626 3002 magnitudine
1648 2891 1782 2968 ‘animi

787 3061 915 3147 atque
951 3041 1215 3138 constantia,
1253 3022 1375 3122 cuius
1411 3067 1562 3148 corpus
1599 3039 1783 3118 cruciari·

787 3187 960 3293 quidem
981 3217 1004 3265 a
1026 3186 1194 3282 Poenis,
1207 3189 1378 3266 minime
1397 3213 1498 3266 vero
1521 3188 1683 3264 animu's
1703 3187 1789 3264 virJ

787 3353 931 3416 tutum
955 3334 1166 3444 praesidio
1197 3335 1385 3416 munitus
1421 3333 1581 3414 inflecti
1608 3322 1783 3442 potuit?

788 3480 905 3583 Quid
931 3511 1031 3565 vero
1055 3486 1369 3594 spectaverint,
1394 3482 1502 3590 quid
1527 3482 1664 3562 secuti
1689 3479 1785 3558 lue-

788 3634 873 3712 rint
910 3634 995 3711 duo
1029 3629 1106 3710 illa
1134 3629 1457 3744 propugnacula
1478 3624 1595 3707 ‚belli
1631 3625 1782 3706 Punici

789 3779 866 3860 Cn.
894 3801 936 3860 et
963 3779 1005 3860 P.
1019 3776 1256 3887 Scipiones,
1272 3781 1348 3887 qui
1371 3775 1785 3887 Carthaginiensium

790 3929 1019 4008 adventum
1045 3928 1295 4035 corporibus
1320 3929 1404 4047 suis
1430 3925 1779 4016 intercluserunt,

791 4076 895 4183 quid
922 4094 1103 4182 uterque
1129 4071 1352 4156 Africanus
1385 4077 1519 4154 maior
1543 4095 1586 4154 et
1623 4074 1781 4164 minor,

791 4223 898 4329 quid
926 4225 1040 4304 inter
1062 4223 1213 4304 horum
1232 4245 1392 4306 aetates
1424 4225 1675 4304 interiectus
1703 4215 1785 4297 Ca·
