4184 5806
1221 677 1294 751 12

759 870 821 932 set
840 851 985 960 puella
1000 848 1065 948 (1),
1085 881 1213 962 quam
1231 854 1475 963 deperibat,
1495 855 1601 938 adse
1621 799 1757 970 ipsunt

759 1029 929 1082 summo·
941 1005 986 1082 in
1013 1004 1140 1081 animi
1171 1002 1313 1083 dolore
1346 1004 1495 1100 rediit,
1521 1006 1692 1088 stultam
1717 1039 1759 1088 a·

756 1149 1061 1231 dolescentiam
1078 1152 1312 1244 accusavit,
1329 1150 1445 1256 quod
1464 1152 1554 1230 sine
1567 1152 1758 1263 volupta-

755 1297 870 1376 tibus
896 1324 982 1376 non
1005 1294 1127 1375 modo
1151 1297 1394 1392 insuavem,
1421 1297 1492 1375 sed
1517 1299 1678 1378 nullam
1697 1303 1758 1382 vi-

756 1465 841 1524 tam
867 1465 1076 1553 putasset,
1103 1472 1283 1551 quarum
1301 1444 1482 1524 vinculis
1511 1445 1688 1544 solutae,
1708 1469 1755 1528 ut

753 1594 1009 1702 praeteritae
1036 1593 1186 1674 aetatis
1211 1606 1351 1672 errata
1373 1595 1627 1704 corrigeret,
1656 1592 1756 1673 Car·

754 1744 1014 1821 tusianorum
1039 1739 1224 1820 familiae
1250 1769 1401 1820 nornen
1427 1741 1571 1837 dedit,
1598 1743 1644 1822 in
1670 1769 1756 1848 qua

751 1889 815 1966 ita
833 1890 965 1981 vixit,
986 1911 1031 1968 ut
1052 1891 1184 1966 omnis
1206 1887 1474 1970 Christianae
1503 1892 1678 1978 virtutis
1698 1915 1755 1968 es·

751 2055 813 2116 set
833 2033 1065 2141 exemplar.
1085 2030 1152 2110 Ne
1172 2034 1217 2110 in
1236 2031 1311 2112 hos
1330 2032 1523 2142 scopulos
1544 2033 1753 2113 incideret

720 2219 722 2224 ’
751 2179 995 2262 Franciscus
1029 2208 1281 2292 magnopere
1312 2151 1385 2260 illi'
1414 2182 1598 2291 profuit,
1627 2210 1754 2289 quem

752 2361 777 2412 a
794 2315 948 2412 natura
967 2331 1212 2411 obtinuerat
1231 2328 1392 2438 pudor,
1411 2351 1453 2410 et
1476 2329 1605 2410 studii
1627 2351 1754 2436 atque

753 2479 973 2560 doctrinae
1005 2477 1232 2589 pabulum:
1267 2505 1363 2558 nam
1389 2479 1603 2584 quamvis,
1628 2505 1756 2584 quan*

751 2649 841 2708 tum
871 2648 1033 2739 posset,
1064 2627 1234 2708 minime
1273 2627 1534 2719 eniteretur,
1567 2653 1646 2703 nae
1680 2623 1753 2702 ille

752 2797 892 2858 tamen
912 2803 1062 2886 magno
1087 2773 1297 2854 desiderio
1317 2773 1544 2854 tenebatur
1564 2771 1679 2850 illius
1699 2799 1755 2852 as·

751 2923 1012 3033 sequendae.
1046 2915 1276 3000 Gaudebat
1313 2947 1458 2998 senum
1492 2921 1752 3028 praeceptis,

751 3071 981 3180 quibusad
997 3071 1204 3150 virtutum
1224 3065 1366 3147 studia
1376 3067 1633 3162 ducebatur,
1648 3095 1756 3146 eum-

751 3249 836 3328 que
862 3221 1092 3299 eommunis
1119 3219 1261 3326 patria
1286 3201 1550 3296 consiliasset
1577 3215 1657 3323 ipsi
1682 3213 1753 3296 b'e·

705 3440 712 3449 ¹
747 3457 1753 3489 ΜΟΜΝΜΜΟῸΝΜΟΝΜΝ·

809 3572 853 3650 (1)
872 3577 952 3630 Sunt
967 3572 1021 3648 qui
1039 3583 1138 3628 morte
1155 3572 1337 3627 extinctam
1351 3581 1475 3645 putant
1483 3605 1494 3636 ‚
1505 3579 1535 3621 et
1552 3577 1620 3621 tum
1636 3561 1746 3623 exhor·

748 3678 904 3737 raterium
927 3671 1010 3730 iliud
1034 3689 1165 3730 carmen
1182 3669 1318 3746 fudisse
1342 3667 1575 3738 Petrarcbarn‚
1592 3669 1684 3726 cuius
1709 3680 1757 3724 est

751 3781 904 3839 iniuunt:

897 3881 940 3936 La
950 3880 1042 3964 *bella
1055 3882 1181 3951 donna,
1196 3881 1256 3937 che
1267 3889 1401 3936 aotanto
1416 3877 1543 3944 amavi,
1558 3893 1621 3932 ecc.

751 3988 895 4049 Fabulas
916 4001 1057 4044 narrant
1081 3985 1144 4043 alii
1153 4023 1165 4058 ,
1182 4001 1252 4042 cum
1269 3994 1435 4060 quaerunu
1453 3995 1588 4036 caussas
1612 3993 1682 4036 tom
1697 3995 1749 4034 su·

749 4093 838 4152 bitae
853 4091 1046 4148 mutationis
1063 4092 1099 4146 iu
1115 4067 1297 4160 Gherarsio,
1313 4103 1395 4163 quas
1411 4081 1580 4158 confutare
1597 4097 1751 4157 superua-

751 4211 889 4254 caneum
903 4194 1063 4252 ducimus.
1084 4191 1154 4252 Vid.
1170 4191 1248 4250 Sari.
1265 4189 1410 4248 Me'moir.
1427 4187 1465 4245 de
1481 4189 1602 4245 Petrar.
1620 4179 1739 4240 v01.11.

750 4317 823 4376 pag.
836 4300 891 4378 67.
