4180 5796
838 597 952 710 185

398 821 523 873 terrae
547 803 661 871 situm
684 823 760 870 non
781 799 920 896 possim
943 797 1064 868 adhuc
1087 797 1128 866 in
1150 781 1302 890 scriptis
1324 798 1385 864 iu·-

397 945 541 993 serere.
556 925 621 996 Sin
636 941 760 993 autem
775 921 981 1014 (quoniam
1002 905 1283 1011 nonnumquam
1297 919 1382 1011 pias

395 1049 629 1128 voluntates,
650 1062 806 1139 propter
841 1059 993 1136 peccata
1014 1041 1224 1119 homiuum,
1246 1038 1385 1108 deduci

395 1185 586 1261 nequeant
617 1167 662 1238 ad
693 1163 891 1252 effectum)
923 1164 1062 1232 dictam
1091 1181 1231 1230 terram
1260 1183 1385 1228 emere

394 1289 457 1356 rel
483 1306 640 1381 propter
670 1286 952 1380 impotentiam,
984 1285 1048 1354 rel
1076 1301 1232 1377 propter
1264 1283 1387 1377 negli-

391 1410 557 1503 gentiam
572 1410 750 1489 omisero,
771 1410 855 1504 lego
879 1408 953 1500 ipsi
977 1407 1165 1476 Ecclesiae
1189 1404 1383 1472 Paduauae

393 1527 547 1598 ducatos
579 1530 761 1599 ducentos
791 1530 877 1597 auri
909 1528 954 1596 ad
985 1527 1185 1596 emendum
1212 1526 1387 1620 aliquan·-

392 1651 515 1720 tulum
536 1670 681 1733 terrae,
709 1650 775 1720 ubi
799 1650 936 1720 melius
959 1646 1043 1716 fieri
1066 1647 1226 1740 poterit.
1249 1648 1303 1716 De
1325 1669 1386 1717 cu·

390 1771 450 1842 ius
475 1771 726 1866 proventibus
756 1789 986 1865 perpetuum
1014 1769 1316 1838 anniversarium
1347 1795 1387 1838 a·-

390 1894 512 1966 uimae
542 1919 645 1964 meae
675 1892 756 1962 fiat.
788 1893 832 1960 Et
854 1894 929 1987 ipsi
951 1893 1110 1961 Domino
1135 1893 1325 1985 supplico,
1350 1891 1382 1959 si

389 2031 478 2084 tuuc
501 2015 607 2085 vivet
638 2017 764 2103 (sicut
787 2014 920 2106 cupio,
943 2032 980 2084 et
1012 2015 1132 2082 Deum
1161 2037 1316 2106 precor,
1338 2033 1382 2084 ut

389 2135 524 2206 multos
553 2155 682 2230 postea
716 2161 784 2229 per
824 2158 940 2204 anuos
970 2135 1090 2204 laetus
1129 2151 1167 2202 et
1197 2134 1292 2203 felix
1326 2135 1387 2204 vi-

388 2257 557 2344 vat)ch
578 2257 609 2324 si
632 2256 761 2349 (quod
780 2257 881 2325 Deus
906 2257 1079 2344 avertat)
1095 2273 1186 2324 tunc
1202 2257 1283 2350 ipse
1306 2279 1382 2325 non

387 2377 555 2457 viveret,
570 2401 704 2470 precor
722 2379 838 2446 alium
847 2401 1124 2470 quemcumque
1140 2401 1257 2471 penes
1271 2401 1383 2470 quem

385 2496 444 2564 rei
474 2497 590 2567 huius
621 2499 696 2568 erit
726 2497 947 2578 arbitrium,
977 2515 1165 2590 quatenus
1195 2497 1244 2565 ob
1271 2522 1384 2568 reve-⁴

386 2619 548 2703 rentiam
579 2620 617 2688 Β.
646 2620 814 2716 Virginis
852 2639 889 2688 et
918 2619 1019 2699 mei,
1047 2619 1138 2688 licet
1168 2618 1317 2712 indigni
1343 2637 1381 2687 et

386 2742 519 2832 pusilli
541 2742 722 2822 hominis,
753 2759 986 2835 respectum,
1013 2738 1192 2810 concedat
1220 2739 1290 2807 hoc
1312 2735 1381 2809 fie-

386 2863 441 2942 ri3
463 2881 504 2932 et
525 2863 721 2934 decretum
744 2886 858 2957 super
880 2863 951 2931 hoc
976 2884 1086 2929 suum
1115 2859 1379 2930 favorabiliter

384 2983 626 3078 interponat.
656 2983 754 3081 Lego
777 3004 903 3052 autem
932 2983 1113 3052 ecclesiae
1145 2981 1245 3075 apud
1268 3006 1380 3074 quam

384 3105 547 3196 sepeliar
578 3105 732 3174 ducatos
752 3106 910 3201 viginti:
946 3105 1031 3173 aliis
1063 3121 1188 3173 autem
1209 3103 1378 3172 ecclesiis

382 3245 547 3318 quatuor
575 3227 763 3296 Ordinum
792 3225 1092 3295 Mendicantium
1122 3225 1184 3311 (si
1212 3224 1269 3292 ibi
1291 3225 1380 3292 fue-

382 3347 488 3434 rint)
512 3347 666 3415 ducatos
694 3347 869 3439 quinque
899 3347 969 3438 prd
992 3345 1181 3437 qualibet.
1204 3344 1381 3436 Pauperi*

383 3470 452 3539 bus
470 3468 625 3538 ‘Christi
656 3472 739 3564 lego
770 3485 923 3537 centum
945 3465 1118 3549 ducatos,
1142 3465 1380 3536 distribuen-

380 3591 445 3658 dos
468 3609 510 3658 ut
533 3590 730 3660 videbitur
754 3589 985 3682 lPresbytero
1009 3590 1141 3658 Ioanni
1166 3588 1373 3669 Abocheta,

379 3713 532 3780 custodi·
550 3711 738 3782 Ecclesiae
760 3711 975 3783 Paduonac:
999 3731 1036 3780 ct
1058 3713 1148 3791 hoc,
1170 3710 1203 3778 si
1223 3711 1287 3778 bic
1303 3733 1376 3780 mo·

380 3833 478 3902 riar':
502 3833 563 3900 sin
585 3833 697 3913 alibi,
720 3833 766 3902 ad
787 3834 991 3902 arbitrium
1007 3833 1168 3927 praelati
1192 3832 1372 3900 ecclesiae

379 3953 485 4021 illius
516 3955 654 4048 inqua
682 3956 902 4024 reconditus
934 3957 1066 4037 luero;
1088 3955 1142 4024 ita
1164 3972 1307 4034 tamen,
1330 3971 1373 4020 ut

379 4073 426 4142 de
448 4075 550 4144 dicta
565 4077 777 4168 quantitate
800 4079 931 4147 nullus
952 4081 1055 4147 ultra
1078 4077 1244 4171 singulos
1268 4074 1376 4144 duca-

378 4213 435 4265 tos
457 4197 633 4289 accipiat.
649 4198 811 4267 Transeo
837 4198 883 4266 ad
904 4199 1190 4292 dispositionem
1211 4195 1370 4265 aliarum
