4260 5826
1220 627 1334 717 rs4

783 801 992 882 medicum
1026 799 1184 885 bellum
1220 823 1359 884 ortum
1394 823 1479 899 est,
1508 801 1609 884 hinc
1646 829 1774 915 atque

783 947 904 1036 illinc
930 948 1056 1030 editis
1080 951 1272 1059 scriptis,
1298 979 1383 1034 non
1401 951 1670 1060 querelarum
1694 983 1777 1036 mo·

780 1098 856 1192 do,
876 1099 948 1180 sed
967 1101 1097 1184 etiam
1116 1102 1367 1221 iniuriarum
1387 1099 1657 1209 plenissimis.
1679 1100 1775 1202 Qua

780 1247 826 1328 iu
843 1250 1116 1332 contentione
1133 1247 1215 1328 ho'c
1231 1277 1361 1331 uuum
1379 1248 1499 1330 laudi
1518 1247 1785 1330 Petrarcbae‘

779 1395 994 1491 dabimus,
1014 1396 1130 1504 quod
1144 1397 1300 1479 viderit
1321 1418 1426 1506 quot
1447 1397 1678 1492 erroribus,
1698 1423 1773 1478 sua

686 1561 690 1568 ·
778 1545 1025 1652 praesertim
1045 1565 1204 1639 aetate,
1224 1565 1398 1655 turpata
1416 1567 1522 1626 esset
1541 1545 1771 1627 medicina:

777 1717 928 1772 munus
953 1692 1065 1772 enim
1088 1689 1170 1772 hoo
1196 1693 1422 1800 suscepisse
1447 1691 1698 1786 videbatur,
1723 1711 1772 1770 ut

780 1838 1030 1924 redderetur
1056 1839 1292 1949 disciplinis
1317 1838 1568 1921 liberalibus
1593 1838 1775 1947 pristina

777 1995 922 2068 earum
953 1987 1159 2098 dignitas,
1187 2015 1327 2095 neque
1354 2013 1431 2096 pro
1462 1989 1572 2068 veris
1601 1985 1773 2065 fallaces

780 2155 822 2214 et
857 2134 1022 2216 fucosae
1056 2163 1214 2216 merces
1243 2133 1591 2216 venditarentur.
1620 2130 1774 2241 Neque

777 2279 911 2360 multo
937 2301 1030 2388 post
1059 2309 1188 2388 quam
1216 2281 1512 2390 praedixerat,
1537 2307 1644 2358 mors
1674 2278 1771 2360 Cle-

778 2425 930 2510 inentis
950 2430 1114 2522 evenit,
1127 2430 1198 2508 cui
1216 2456 1311 2506 cum
1330 2429 1774 2520 successisset,exeun-

777 2598 820 2656 te
846 2603 910 2654 an.
932 2572 1429 2668 ucccnrr,lnnocentius
1448 2571 1530 2668 VI,
1549 2575 1615 2654 vir
1634 2573 1772 2682 gravis

778 2745 820 2802 et
847 2723 1201 2802 innocentissimis
1226 2721 1432 2814 moribus,
1458 2718 1530 2800 sed
1563 2704 1698 2828 usque¹
1715 2691 1772 2796 ¹eo

777 2869 1018 2951 litterarum
1049 2895 1227 2978 expers,
1252 2889 1302 2948 ut
1335 2869 1518 2975 suspecti
1542 2867 1608 2958 illi
1635 2889 1770 2947 essent

778 3021 853 3124 qui
884 3020 930 3096 in
962 3019 1015 3095 iis
1040 3015 1285 3096 excolendis
1314 3017 1467 3096 samam
1495 3014 1577 3094 sibi
1602 3042 1776 3133 εοιηρειςιχ

725 3209 727 3214 ·
776 3185 996 3260 raveraut,
1029 3164 1139 3244 vidit
1174 3166 1317 3244 statim
1351 3161 1580 3244 Petrarcha
1599 3190 1652 3240 se
1683 3181 1769 3240 non

775 3337 893 3418 posse
920 3306 1099 3416 amplius
1125 3303 1220 3388 cum
1241 3308 1450 3428 dignitate
1470 3306 1688 3388 Avenione
1709 3311 1775 3387 vi-'

776 3485 895 3538 vere.
921 3454 987 3534 Ab
1014 3453 1095 3534 hac
1130 3456 1236 3535 urbe
1271 3457 1316 3534 in
1352 3453 1523 3536 Italiam
1553 3457 1769 3536 rediturus

775 3602 993 3685 discedens
1023 3605 1233 3718 recusarit
1267 3603 1384 3683 adire
1414 3600 1683 3696 Pontificem,
1711 3631 1765 3680 ne

776 3755 815 3829 ei
840 3751 1037 3833 molestus
1063 3775 1187 3848 esset,
1212 3752 1329 3862 quod
1356 3752 1549 3833 audierat
1575 3781 1616 3832 se
1643 3751 1768 3832 abeo

775 3903 820 3980 in
854 3927 1071 4011 magorum
1100 3929 1274 3980 numero
1309 3901 1435 3997 duci,
1472 3903 1632 3980 idcirco
1664 3903 1766 4007 quia

776 4042 948 4162 Virgilii
973 4047 1157 4128 lectione
1183 4051 1242 4128 sic
1279 4043 1602 4146 oblectabatur,
1628 4070 1676 4128 ut
1711 4047 1765 4126 il-

775 4190 862 4271 lum
888 4222 1107 4302 nunquam
1131 4226 1154 4274 e
1180 4173 1381 4279 manibus
1400 4195 1653 4305 deponeret.
1678 4194 1767 4272 Ex-
