4260 5826
1220 611 1333 720 156

780 809 853 888 bat
879 809 924 886 in
951 806 1135 904 caelum,
1155 835 1334 917 quorum
1358 811 1449 892 vita
1473 833 1696 922 perspecta
1725 816 1769 892 in

778 955 904 1034 rebus
920 955 1107 1038 honestis
1132 979 1263 1065 atque
1288 961 1448 1070 magnis
1469 983 1560 1040 erat
1575 1017 1587 1056 ‚
1605 963 1766 1069 quique

777 1103 886 1182 bene
905 1101 958 1180 de
977 1101 1079 1212 Rep.
1100 1105 1328 1184 sentientes
1347 1134 1395 1184 ac
1413 1106 1521 1186 bene
1541 1109 1680 1188 meriti
1699 1109 1768 1190 vel

775 1272 979 1331 merentes
1006 1250 1149 1361 aliquo
1178 1250 1336 1330 honore
1365 1275 1439 1333 aut
1468 1256 1645 1363 imperio
1674 1251 1766 1333 affe·

775 1399 834 1478 cti
861 1418 1002 1491 erant,
1026 1426 1171 1507 aspere
1197 1399 1487 1480 insectabatur
1512 1429 1604 1496 eos,
1623 1401 1698 1509 qui
1723 1430 1766 1482 se

773 1544 991 1624 hominum
1014 1547 1131 1628 vitiis
1156 1567 1285 1655 atque
1311 1547 1526 1628 erroribus
1550 1549 1770 1657 implicue-

774 1714 890 1806 rant.
911 1689 1096 1772 Dolebat
1115 1696 1311 1789 maxime,
1331 1695 1448 1805 quod
1469 1723 1520 1774 ex
1542 1697 1615 1793 iis,
1634 1725 1658 1774 a
1675 1699 1769 1803 qui-

772 1842 853 1920 bus
876 1843 1063 1952 petenda
1087 1865 1206 1924 erant
1227 1845 1436 1925 virtutum
1457 1841 1767 1953 exetnpla,'alii

770 2011 905 2070 essent
933 1990 985 2069 ad
1011 1989 1150 2072 omnes
1177 1991 1459 2102 cupiditates,
1485 2013 1527 2074 et
1554 1991 1609 2072 ad
1636 1991 1767 2076 ambib

771 2139 931 2218 tionem
967 2160 1096 2246 atque
1130 2138 1352 2219 avaritiam
1389 2105 1637 2248 praesertim
1662 2165 1771 2247 pro-2

770 2288 916 2393 pensi,
943 2285 1017 2364 alii
1043 2315 1129 2365 uno
1162 2288 1298 2366 minus
1322 2288 1430 2368 vitio
1455 2288 1624 2382 vitiosi,
1648 2287 1763 2395 quod

769 2429 903 2512 essent
931 2435 1110 2530 inertes,
1136 2436 1268 2513 somni
1292 2432 1436 2542 pleni,
1461 2433 1766 2543 imperiti,.cu÷

767 2573 833 2656 iris
853 2581 916 2658 sui
936 2579 1092 2660 doloris
1111 2575 1257 2662 extare
1274 2575 1593 2661 monumentum
1613 2574 1765 2662 voluit.

767 2720 899 2822 Naris,
919 2749 967 2808 ut
993 2731 1053 2809 ait
1071 2723 1294 2839 Philippus
1312 2725 1663 2837 Villanius,quia
1685 2754 1766 2806 am·

766 2867 931 2954 hitiortis
958 2894 997 2954 et
1017 2879 1221 2957 avaritiae
1235 2873 1332 2986 fait
1347 2875 1676 2958 mordacissimus
1702 2879 1766 2954 in-

769 3039 963 3110 sectator,
977 3023 1143 3136 collegit
1160 3053 1211 3106 cx
1230 3025 1411 3106 omnibus
1426 3025 1635 3138 epistolis,
1650 3029 1764 3103 omis·

766 3169 821 3246 sis
840 3171 1121 3280 recipientium
1140 3171 1600 3283 nominibus,qrtasdom
1618 3163 1760 3282 episto·
1843 3189 1854 3201 “

765 3313 829 3394 las
856 3319 1066 3428 integras,
1089 3315 1358 3430 quarumdam
1381 3349 1470 3402 sero
1489 3310 1755 3432 particulos,
1838 3411 1842 3418 ‚

765 3465 809 3542 ia
827 3464 973 3573 quibas
985 3473 1218 3582 praecipue
1237 3491 1384 3550 contra
1405 3459 1573 3549 clericos
1590 3467 1756 3577 aliquos

766 3613 996 3704 invexerat,
1015 3635 1054 3695 et
1081 3646 1130 3696 ca
1167 3607 1305 3698 omnia
1329 3620 1375 3696 ia
1399 3605 1581 3696 solamen
1607 3599 1759 3702 anam,

759 3766 986 3869 praemisso
1012 3769 1243 3874 prooemio,
1270 3765 1531 3878 compilarit,
1558 3768 1627 3844 cai
1656 3761 1758 3842 libro

765 3895 913 3988 titaias
933 3931 993 3989 cst
1015 3914 1100 3988 siae
1123 3897 1306 3992 nomiaess
1323 3913 1443 3995 Fecit
1469 3913 1683 4023 profecta,
1708 3931 1759 3990 ut

764 4054 866 4134 boni
892 4086 1032 4137 ornnes
1064 4065 1327 4169 aequitatem
1350 4062 1491 4157 illius,
1523 4083 1761 4169 temperari·
1803 4045 1806 4051 ⁴

765 4205 888 4298 tiam,
909 4211 1202 4306 severitatem,
1220 4213 1593 4322 integritatemque
1613 4207 1761 4288 lauda·
