4260 5826
794 639 902 712 JOJ

349 819 403 896 mi
429 819 534 912 viri,
560 819 605 896 in
639 819 758 897 ouius
785 845 922 898 amore
956 819 1145 924 requiem
1169 816 1336 925 plenam

350 962 643 1051 delectationis
668 967 910 1060 invenerat,
931 993 978 1045 ac
1004 965 1193 1058 demum,
1213 985 1260 1044 ut
1285 963 1337 1042 de

350 1113 502 1192 ceteris
535 1109 700 1206 sileam,
734 1108 966 1190 Columnae
999 1107 1258 1204 Cardinalis‚
1294 1112 1338 1190 in

348 1283 435 1364 quo
453 1259 698 1365 praesertim
716 1261 806 1338 eius
826 1259 1002 1338 ambitio
1019 1258 1255 1338 nitebatur.
1282 1256 1339 1336 Il-

352 1401 392 1482 la
410 1405 501 1511 ipsa
519 1405 651 1500 mala,
669 1434 781 1515 quae
801 1405 1041 1518 affligebant
1061 1403 1251 1500 Italiam,
1268 1435 1340 1513 pe-

252 1623 259 1634 .
349 1547 560 1645 solentis,
587 1571 904 1648 terraemotus,
930 1552 1179 1645 seditiones,
1204 1550 1340 1645 bella,

348 1695 566 1776 hominnm
609 1699 1019 1780 sceleratissimorum
1066 1698 1342 1778 corroborata

352 1847 436 1924 iarn
461 1865 672 1926 vetustate
691 1847 891 1941 audacia,
912 1846 1021 1928 malo
1046 1845 1167 1924 cultu
1185 1847 1345 1954 pravis·

349 2018 434 2097 que
457 1991 728 2100 opinionibus
750 1994 943 2101 corrupti
966 2017 1119 2084 mores,
1139 1992 1346 2098 imperan-

350 2139 455 2218 tium
480 2137 708 2218 effrenatae
742 2139 1023 2248 cupiditates,
1054 2139 1343 2244 potentiorum

350 2281 604 2364 familiarum
628 2285 727 2368 odia
754 2257 892 2366 animo
920 2283 1174 2366 Petrarchae
1198 2284 1346 2364 vulne-

350 2457 398 2506 ra
425 2430 692 2508 acerbissima
711 2429 987 2540 infligebant,
1009 2451 1057 2510 ut
1083 2460 1247 2526 erranS,
1266 2433 1346 2511 do-

352 2573 442 2654 lens
465 2577 647 2656 nesciret
673 2603 759 2682 quo
784 2577 828 2655 in
853 2576 946 2654 loco
971 2579 1217 2684 praesertim
1241 2606 1346 2658 con-

352 2725 538 2820 sisteret,
558 2747 600 2806 et
619 2753 745 2832 quarn
764 2727 997 2831 requietem
1020 2724 1247 2834 angoribus
1267 2724 1346 2802 sol-

351 2869 735 2979 licitudinibusque
773 2873 856 2951 suis
900 2899 1143 2980 comparare
1184 2893 1341 2980 posset.

352 3015 472 3116 Quae
499 3046 564 3097 res
589 3042 748 3114 essent,
773 3047 884 3126 quae
912 3018 1134 3098 formidine
1161 3020 1344 3100 animum

352 3166 626 3271 perterritum
650 3165 743 3246 loco
768 3191 891 3274 saepe
926 3186 968 3246 et
995 3184 1110 3246 certo
1137 3185 1252 3246 statu
1276 3165 1346 3244 di-

349 3333 592 3406 moverent,
621 3313 855 3394 declaravit
890 3311 1054 3392 Socrati
1089 3339 1186 3406 suo,
1219 3339 1344 3419 quem

348 3461 449 3540 satis
470 3460 670 3538 idoneum
689 3483 775 3536 esse
795 3459 967 3564 putavit
992 3455 1046 3535 ad
1071 3484 1113 3534 se
1139 3483 1343 3538 excusan-

352 3603 477 3700 dum,
502 3605 616 3714 quod
641 3606 685 3682 in
712 3601 933 3684 tolerando
960 3602 1105 3681 dolore
1132 3605 1341 3682 nonsatis

350 3747 564 3830 ¹firmitatis
588 3751 788 3832 baberet.
816 3747 975 3830 Narrat
1000 3750 1040 3828 ei
1065 3775 1170 3855 quos
1196 3747 1346 3828 amise-

351 3897 411 3974 rit
434 3898 612 3992 amicos,
631 3927 758 4006 quam
778 3896 1010 3979 crudeliter
1037 3898 1080 3976 in
1107 3899 1259 3976 itinere
1278 3926 1345 3976 ne·

239 4081 243 4088 ·
353 4061 470 4123 catus
489 4041 617 4124 luerit
637 4073 779 4124 eorum
800 4073 932 4138 unus,
950 4071 1135 4150 quocum
1161 4047 1342 4152 patriam

351 4216 611 4270 communem
634 4187 847 4284 habebat,
871 4193 1032 4298 quique
1061 4191 1113 4270 ad
1139 4218 1180 4271 se
1206 4193 1342 4274 visen-
