4260 5826
1214 631 1323 738 158

778 827 1100 924 admirabimur,
1125 855 1254 936 quos,
1280 830 1361 910 nisi
1386 832 1624 914 testimonio
1650 830 1767 914 illius

778 979 938 1090 cogniti
957 995 1114 1072 essent,
1128 996 1339 1075 vetustas,
1357 999 1406 1060 ut
1425 977 1529 1060 alios
1547 979 1656 1062 forte
1675 981 1767 1089 plu-

776 1155 864 1222 res,
884 1125 1099 1209 oblivione
1120 1125 1348 1208 obruisset.
1377 1125 1550 1210 Praeter
1567 1128 1765 1237 epistolas

774 1275 913 1360 soluta
946 1274 1165 1369 oratione,
1197 1273 1338 1384 plures
1375 1302 1546 1382 quoque
1576 1275 1767 1356 versibus

774 1442 965 1504 exaratas
1001 1421 1205 1529 reliquit,
1237 1449 1417 1531 quarum
1453 1421 1558 1502 alibi
1593 1424 1771 1503 mentio·

773 1598 868 1648 nem
904 1568 1097 1650 fecimus.
1124 1565 1241 1648 Dum
1265 1596 1366 1649 vero
1399 1570 1444 1648 in
1476 1567 1542 1650 his
1573 1570 1769 1651 omnibus

771 1715 1011 1798 laudaveris
1030 1714 1245 1827 scriptoris
1264 1718 1415 1798 ardens
1435 1719 1673 1828 ingenium,
1685 1745 1768 1798 ma·

774 1891 897 1974 gnam
915 1893 1056 1946 rerum
1073 1867 1377 1976 cognitionem,
1398 1865 1671 1972 antiquitatis
1693 1893 1770 1944 no-

775 2011 913 2090 titiam
934 2037 1101 2120 prorsus
1119 2013 1290 2106 miram,
1308 2039 1386 2100 nec
1405 2011 1658 2092 mediorcem
1683 2009 1769 2090 elo·

776 2158 978 2260 quentiae
996 2159 1105 2254 vim,
1127 2185 1242 2254 nam,
1258 2178 1307 2240 ut
1333 2159 1393 2239 ait
1411 2155 1628 2252 Erasmus,
1649 2185 1771 2236 orna-

773 2321 915 2382 menta
953 2302 1028 2382 illa
1061 2302 1416 2396 innumerabilia,
1450 2329 1560 2410 quae
1594 2302 1767 2384 dicendi

773 2449 988 2558 magistro,
1008 2477 1128 2557 aquo
1148 2447 1418 2559 philosophia
1435 2449 1577 2528 abesse
1596 2451 1767 2558 nequit,

777 2615 818 2674 et
844 2598 1079 2676 necessaria
1100 2617 1142 2678 et
1161 2599 1337 2706 propria
1357 2617 1479 2692 sunt,
1497 2595 1562 2676 illi
1583 2594 1771 2676 curnula-

774 2761 816 2822 te
842 2741 1092 2839 adfuerunt,
1122 2741 1296 2823 fortasse
1321 2740 1626 2824 desideraveris
1655 2769 1768 2850 pres·

775 2914 859 2968 sam
889 2891 1018 3002 magis
1047 2892 1306 2986 orationem,
1334 2909 1376 2970 et
1405 2891 1658 3000 scriptorum
1685 2916 1767 2970 au-

773 3063 870 3116 reae
896 3039 1048 3117 aetatis
1081 3037 1294 3147 elegantia
1327 3038 1528 3130 tinctam,
1561 3035 1678 3142 quod
1712 3035 1767 3114 ab

773 3209 822 3260 eo
854 3185 1099 3289 praesertim
1125 3187 1235 3293 exigi
1269 3211 1385 3292 posse
1411 3181 1665 3276 videbatur,
1689 3182 1766 3287 qui

773 3321 997 3437 gloriosum
1030 3330 1075 3407 in
1110 3357 1151 3408 se
1182 3357 1286 3410 onus
1321 3348 1540 3437 receperat
1566 3324 1767 3406 Latinam

771 3473 957 3586 linguam
984 3475 1039 3555 ab
1074 3477 1160 3555 situ
1185 3498 1226 3557 et
1262 3475 1483 3584 squalore,
1508 3477 1552 3556 in
1577 3473 1765 3583 quadiu

773 3621 984 3719 iacuerat,
996 3623 1048 3702 ad
1064 3621 1329 3733 splendorem
1345 3622 1594 3718 revocandi,
1606 3623 1769 3730 quique

774 3771 906 3848 omnis
940 3761 1175 3880 elegantiae
1206 3765 1584 3878 locupletissimum
1614 3739 1773 3848 aucto·-¹

775 3939 860 3994 rem
881 3913 1127 3996 Ciceronem
1147 3944 1190 3996 se
1210 3945 1426 4026 nunquam
1445 3949 1468 3996 e
1486 3917 1679 3998 manibus
1697 3915 1764 3994 de·

773 4087 930 4172 ponere
950 4085 992 4144 et
1011 4065 1056 4143 in
1075 4067 1170 4144 sinu
1181 4085 1343 4176 gestare
1362 4065 1639 4178 gloriabatur.
1655 4057 1764 4164 Qua·

773 4236 818 4288 re
844 4237 934 4290 mea
951 4209 1126 4318 quidem
1146 4214 1357 4294 sententia
1379 4213 1579 4294 maiorem
1604 4211 1684 4292 sibi
1704 4208 1764 4290 fa·
