4184 5806
767 863 859 914 rare
885 830 1070 925 solebat,
1110 855 1220 938 quae
1256 826 1413 908 ferrum
1438 831 1559 908 novit
1591 856 1766 925 acuere,

768 1009 858 1061 non
880 1005 1038 1058 secare.
1066 972 1112 1051 (ί)

1218 1231 1281 1304 ΙΙ.

842 1417 923 1500 Vel
936 1447 986 1498 ex
1001 1445 1051 1497 eo
1061 1437 1251 1528 tempore
1274 1419 1468 1527 cognosci
1479 1420 1620 1526 potuit
1639 1444 1769 1525 quan-

769 1589 814 1650 ta
837 1568 882 1645 in
907 1563 1132 1646 Francisco
1166 1583 1273 1644 esset
1296 1566 1471 1644 virtutis
1507 1565 1694 1689 indoles,
1723 1581 1766 1646 et

768 1741 894 1821 quam
915 1715 1115 1793 eximium
1132 1715 1370 1823 ingenium,
1388 1741 1521 1819 quare
1541 1712 1766 1792 Petraccue

767 1888 809 1940 se
827 1862 867 1939 ei
885 1879 928 1938 et
947 1860 1133 1940 familiae
1155 1861 1265 1939 bene
1286 1857 1502 1939 consulere
1528 1858 1764 1952 iudicavit,

767 2007 800 2086 si
826 2008 963 2116 ipsum
998 2007 1200 2116 coegisset
1230 2005 1415 2084 omnium
1448 2005 1767 2112 quaestuosissi-

766 2179 858 2230 mae
883 2149 1105 2246 facultati,
1132 2152 1235 2229 iuris
1260 2150 1514 2258 prudentiae
1539 2151 1765 2245 videlicet,

767 2318 902 2378 totum
942 2325 982 2377 se
1011 2298 1190 2378 dedere.
1225 2296 1379 2405 Itaque
1409 2319 1633 2407 postquam
1658 2325 1768 2405 qua-

767 2443 1010 2526 driennium
1024 2444 1358 2556 Carpentoracte
1376 2445 1531 2543 fuerat,
1543 2445 1768 2554 quadrien·

768 2592 886 2670 nium
906 2591 1085 2674 alterurn
1111 2595 1201 2672 cius
1229 2592 1358 2674 studii
1384 2620 1529 2674 caussa
1552 2595 1597 2672 in
1623 2609 1764 2670 monte

768 2733 1018 2834 Faesulano,
1038 2737 1336 2834 etBononiae,
1355 2739 1475 2818 ouius
1505 2737 1623 2817 urbis
1642 2737 1766 2847 lyceo
1799 2771 1811 2785 ·

768 2885 931 2966 nullum
967 2907 1056 3012 tum
1092 2908 1183 2967 erat
1215 2885 1423 2968 illustrius
1438 2881 1508 2982 (²),
1534 2886 1765 2965 triennium
1856 2939 1864 2956 ·

769 3127 816 3147 ΨΟ
820 3127 1405 3154 meoeemmooem
1409 3132 1510 3153 om
1514 3129 1770 3152 ΜΟΌΏΜ

829 3263 874 3339 (1)
898 3269 969 3321 Scn.
986 3267 1007 3320 l.
1026 3283 1084 3324 xr-
1101 3285 1151 3342 ep.
1171 3286 1195 3322 1.

827 3421 872 3500 (2)
901 3425 958 3482 Vel
973 3426 1147 3496 Parisino,
1164 3441 1350 3502 quanquam
1371 3425 1416 3482 ad
1432 3425 1489 3482 hac
1505 3442 1545 3481 cx
1561 3423 1647 3480 omni
1666 3422 1769 3496 regio-

769 3541 808 3581 ne
830 3539 1088 3598 concurreretur,
1110 3527 1376 3604 praeferebatur.
1407 3527 1522 3585 Parisii
1544 3525 1663 3581 civitae
1685 3519 1772 3576 bone

767 3627 897 3705 quidem
921 3630 995 3688 (att
1011 3629 1214 3706 Petrarcha)
1241 3642 1274 3686 et
1290 3629 1425 3706 insignis
1443 3628 1540 3706 Regia
1566 3621 1770 3704 praesentiat

768 3729 853 3804 quod
870 3730 909 3786 ad
926 3731 1070 3789 studium
1087 3732 1206 3790 attinet
1223 3749 1305 3798 ‚ceu
1321 3731 1439 3788 ruralis
1456 3743 1504 3790 est
1520 3726 1689 3794 calathus,
1705 3742 1769 3801 quo

769 3845 869 3906 poma
883 3833 1026 3908 undique
1042 3833 1213 3910 peregrine
1229 3829 1399 3890 et'nobilia
1417 3831 1625 3888 deferantur.
1644 3835 1688 3887 Ex
1705 3841 1767 3904 quo

769 3931 855 3990 euim
873 3933 1018 3994 studium
1034 3933 1117 3994 illud
1128 3975 1138 4004 ,
1148 3947 1187 3994 ut
1199 3933 1338 4011 legitur,
1351 3935 1395 3994 ab¹
1405 3933 1542 3994 alcuino
1558 3933 1772 4010 praeceptore

769 4032 876 4090 Caroli
892 4039 985 4113 Regis
1000 4039 1189 4096 institutum
1205 4049 1269 4106 eat,
1282 4056 1470 4114 nunquam,
1485 4035 1573 4114 quod
1587 4032 1767 4100 audierim,
1883 4029 1885 4034 ’

769 4136 955 4196 Parisiensie
977 4141 1147 4216 quiequam
1173 4137 1219 4196 ibi
1243 4141 1295 4198 vir
1318 4139 1424 4198 clarus
1448 4137 1534 4208 suit,
1550 4137 1604 4196 sed
1620 4137 1678 4213 qni
1693 4131 1765 4191 fne-

769 4251 846 4298 rent
861 4243 990 4300 externi
1005 4243 1139 4319 utique,
1154 4257 1188 4300 et
1211 4243 1273 4301 niti
1290 4243 1400 4302 odiam
1419 4241 1556 4301 barbari
1573 4237 1684 4296 eouloe
1696 4251 1771 4312 per·
