4260 5826
798 617 917 731 139

362 816 578 897 Calamum
597 844 697 898 vero
722 816 896 923 sumpsit
918 812 1189 911 Franciscus,
1212 837 1260 898 ut
1284 821 1353 898 im·

360 963 606 1072 pudentiam
633 937 879 1074 coargueret
907 957 1024 1040 Galli
1051 963 1266 1042 cuiusdam
1293 993 1352 1044 sa·
1370 1033 1374 1062 „

361 1139 413 1190 ne
438 1112 688 1218 ineptissimi
719 1109 925 1204 hominis,
946 1113 1031 1220 qni·
1047 1120 1233 1219 quatuor
1259 1135 1352 1220 post

367 1286 497 1341 annos
530 1285 657 1366 quam
697 1257 812 1339 illam
849 1260 1032 1367 priorem
1068 1259 1244 1338 dederat
1273 1257 1355 1338 Pe—

363 1404 533 1486 trarcha
552 1404 772 1514 epistolam
792 1405 845 1485 ad
866 1413 1069 1484 summum
1090 1403 1356 1503 Pontificem,

360 1553 471 1634 hanc
511 1551 732 1635 confutare
770 1579 983 1664 aggressus
1020 1553 1184 1648 fuerat,
1219 1553 1355 1633 multa

362 1701 541 1796 insulse,
566 1701 720 1796 stulte,
739 1722 991 1811 ‚arroganter
1016 1700 1231 1809 proferens
1256 1703 1301 1780 in
1327 1704 1358 1779 i-

363 1873 506 1954 psum,
526 1846 718 1944 Italiam,
738 1847 953 1956 Italusque
974 1872 1135 1930 omncs.
1159 1847 1270 1930 Sane
1288 1853 1360 1930 mi·

363 1994 475 2072 nime
500 2022 606 2104 opus
632 2018 723 2078 erat
742 2017 862 2076 tanto
882 1993 1155 2101 eloquentiae
1181 2025 1358 2108 appara·

363 2159 655 2248 tu,quantu1n
674 2140 902 2226 Petrarcha
923 2141 1144 2240 adhibuit,
1164 2145 1217 2224 ad
1236 2143 1358 2224 illum

360 2283 669 2384 ulciscendum,
679 2288 751 2367 sed
766 2287 911 2383 homo,
922 2291 998 2395 qui
1015 2294 1260 2398 praesertim
1274 2291 1358 2403 glo·

362 2434 558 2547 riahatur
583 2462 624 2522 se
644 2433 801 2516 Ital'um
821 2455 863 2514 et
882 2437 1018 2518 civem
1037 2436 1269 2520 Romanuin
1295 2447 1360 2518 irs-'-

363 2606 429 2674 se,
455 2599 619 2662 tantam
647 2581 870 2662 audaciam
894 2604 1024 2692 atque
1050 2585 1359 2693 impudentiam

361 2725 577 2806 ferendam
601 2750 686 2808 non
708 2731 904 2837 putavit„
923 2752 1002 2810 nec·
1020 2732 1291 2815 mediocriter
1309 2735 1367 2816 il-·.

361 2871 395 2950 li
420 2873 582 2980 profuit
619 2871 842 2956 Gallorum
877 2876 1029 2964 levitas
1063 2907 1156 2960 cum
1186 2881 1369 2965 feritatel.

237 3037 244 3046 '
364 3022 619 3116 coniuncta,
644 3025 998 3132 intemperantia,
1019 3027 1219 3134 perfidia,
1242 3033 1358 3114 inre-

362 3185 547 3248 teratum
573 3170 746 3291 odipm,
772 3167 887 3279 quod
904 3203 1073 3285 semper
1099 3177 1288 3259 habuere
1314 3180 1358 3260 in

363 3308 595 3410 Romanos,
622 3338 671 3398 ut
701 3315 851 3400 horum
872 3319 1037 3405 laudes
1058 3351 1155 3406 cum
1189 3324 1357 3406 illorum

361 3458 693 3566 reprehensione
716 3467 1017 3576 coniungeret:
1055 3544 1074 3560 ,,

358 3688 1357 3750 ΜΜοοοΜοΜΙοοωοοοΜΝ

360 3813 461 3869 verbis
476 3821 702 3895 compellasse.
721 3820 787 3882 Heu
806 3825 901 3885 Pater
920 3815 1123 3898 beatissime,
1140 3813 1370 3908 quidsecisiii'

361 3916 446 3975 unde
461 3919 524 3980 ista
546 3923 726 3985 mollicies?
742 3932 817 4003 Quis
838 3930 1085 4004 resarcinavit,
1102 3949 1139 3992 ut
1155 3929 1353 4012 principium

360 4026 428 4072 tam
445 4021 567 4094 grande
583 4025 785 4090 deserueris?
806 4027 881 4107 Q'uis
903 4048 936 4093 tc
952 4051 1061 4095 nutem
1077 4036 1212 4105 clarior,
1229 4037 1254 4092 si
1270 4036 1355 4114 quod

358 4115 587 4192 gloriosissime
609 4146 782 4208 coeperas,
799 4135 848 4223 sd
869 4153 1050 4196 extremum
1068 4139 1219 4216 spiritum
1236 4137 1358 4215 perdu-

360 4221 479 4282 xisses?
850 4217 859 4226 ι
