4260 5826
1234 651 1352 724 122

798 823 914 916 secus
950 859 997 911 ac
1031 831 1153 911 homo
1182 862 1204 910 e
1233 831 1351 912 caelo
1378 833 1598 942 delapsus,
1624 838 1793 916 summis

796 981 1175 1062 acclamationibus
1195 1001 1397 1090 exceptus
1417 980 1571 1062 luerat.
1592 981 1699 1062 Tum
1712 983 1793 1064 for

794 1152 901 1210 tasse
940 1129 1050 1210 vidit
1099 1127 1329 1210 Petrarcha
1375 1127 1539 1208 nullam
1577 1157 1791 1239 superesse

795 1305 908 1386 spem
934 1279 1208 1358 succurrendi
1233 1278 1409 1358 nimium
1434 1280 1618 1360 iactatae
1640 1277 1792 1360 ltaliae

794 1428 1015 1522 fortunae,
1035 1451 1103 1522 et,
1122 1453 1227 1534 quas
1248 1426 1301 1538 ad
1322 1424 1523 1508 Carolum
1542 1430 1678 1538 ipsum
1697 1427 1793 1506 red-

794 1576 931 1655 ditum
959 1576 1042 1654 iam
1067 1571 1291 1655 Germanis
1327 1575 1410 1654 suis
1444 1573 1588 1670 dedit,
1619 1574 1791 1656 litterae

792 1745 890 1804 sunt
926 1721 1099 1830 quidem
1134 1721 1315 1802 hominis
1352 1723 1526 1832 ingenui
1561 1742 1603 1802 et
1641 1721 1790 1816 liberi,

793 1872 870 1977 qui
896 1872 940 1950 in
969 1873 1059 1980 ipso
1086 1871 1400 1981 reprehendere
1422 1873 1593 1950 minime
1619 1869 1793 1952 dubita·

789 2020 876 2112 vit,
905 2019 1021 2126 quod
1053 2041 1288 2130 perpetuae
1315 2021 1639 2100 existimationis
1666 2016 1791 2096 fidem

791 2187 833 2246 et
860 2167 1106 2280 religionem
1130 2169 1402 2248 deseruisset.
1427 2165 1550 2247 Hanc
1576 2165 1789 2245 scribendi

792 2315 1036 2396 libertatem
1054 2318 1224 2395 minime
1243 2315 1501 2424 improbasse
1519 2314 1694 2396 videtur
1714 2310 1791 2390 Ca·-

792 2463 929 2558 relus,
954 2463 1119 2542 nullum
1145 2465 1257 2544 enirn
1284 2465 1722 2573 signum-‘immutatae
1743 2463 1789 2538 in

793 2607 1064 2692 Petrarcham
1089 2609 1323 2691 voluntatis
1348 2608 1491 2704 dedit,
1518 2636 1613 2688 cum
1638 2607 1711 2687 hie
1736 2607 1789 2686 ad
1861 2624 1864 2630 '

792 2786 886 2838 eum
914 2757 1088 2870 Pragam
1112 2785 1176 2836 an.
1198 2781 1396 2838 nouom
1421 2757 1604 2837 venisset
1621 2755 1788 2866 legatus

793 2923 822 2983 a‘
847 2901 1049 2986 Galeatio
1079 2901 1340 2984 Viceeomite
1377 2903 1432 2982 ob
1467 2923 1626 2982 metum
1659 2901 1786 2996 belli,

791 3050 907 3158 quod
927 3052 1008 3130 sibi
1028 3051 1082 3132 ab
1102 3054 1193 3160 ipso
1215 3050 1397 3132 inlatum
1414 3051 1470 3130 iri
1487 3049 1787 3128 nuntiabatur.

791 3196 995 3310 Magnum
1020 3229 1074 3278 ex
1107 3199 1187 3280 hac
1216 3199 1427 3310 legatione
1457 3198 1586 3277 decus
1613 3195 1788 3290 retulit,

790 3347 907 3452 quod
932 3378 1010 3432 nee
1036 3347 1258 3428 liberalius
1282 3375 1360 3427 nec
1389 3345 1738 3427 honorificentius
1763 3373 1791 3424 a

792 3491 971 3575 Caesare
1008 3498 1200 3606 potuerit
1238 3499 1440 3592 tractari,
1468 3524 1493 3574 a
1521 3521 1607 3603 quo
1641 3492 1788 3572 Comes

790 3672 963 3754 quoque
994 3645 1213 3730 Palatinus
1241 3645 1483 3725 declaratus
1514 3643 1621 3738 fuit,
1653 3641 1791 3750 quod-

790 3817 875 3902 que
901 3791 1145 3874 Galeatium
1170 3821 1291 3874 suum
1317 3796 1428 3874 omni
1455 3795 1605 3873 timore
1631 3791 1790 3868 libera·-

791 3944 923 4022 verit.
953 3939 1070 4022 Haec
1095 3941 1269 4022 valuere
1297 3941 1352 4020 ad
1379 3941 1459 4020 sibi
1487 3941 1616 4051 magis
1642 3938 1789 4048 magis-

791 4117 876 4196 que
910 4089 1223 4172 conciliandum
1259 4088 1374 4170 illius
1410 4087 1625 4182 animum,
1662 4110 1786 4193 quem

792 4239 999 4320 eiusmodi
1033 4268 1118 4319 esse
1155 4238 1416 4333 testabatur,
1447 4257 1495 4318 ut
1531 4234 1786 4315 desiderium
