4260 5826
1207 633 1328 748 J64

771 857 860 916 sent
897 831 1185 943 praedonibus
1227 835 1399 914 armatis
1419 830 1493 928 (Ι),
1540 834 1763 919 Patavium

772 981 919 1062 rediit.
947 979 1067 1082 Quae
1088 1002 1228 1062 autem
1251 983 1331 1090 ipsi
1355 980 1475 1062 dedit
1493 984 1688 1081 consilia,
1712 1016 1762 1068 eo

770 1130 1086 1228 referebantur,
1111 1149 1160 1210 ut
1182 1128 1288 1210 haec
1314 1148 1355 1208 et
1374 1131 1538 1224 omnia,
1557 1159 1667 1238 quae
1692 1130 1764 1212 ho-

766 1280 870 1358 mini
907 1279 1099 1358 accidere
1125 1297 1325 1387 possunt,
1360 1279 1574 1386 patienter
1608 1279 1762 1376 ferret,

769 1455 896 1534 seque
926 1447 1074 1506 contra
1099 1427 1230 1504 omnis
1266 1426 1460 1505 fortunae
1494 1428 1674 1534 impetus
1704 1429 1762 1505 sic

769 1593 972 1672 armaret,
993 1595 1042 1653 ut
1062 1573 1107 1652 id
1126 1602 1258 1652 unum
1283 1575 1328 1652 in
1354 1573 1472 1654 malis
1498 1597 1763 1670 numeraret,

767 1751 791 1801 a
814 1750 901 1830 quo
926 1724 1096 1802 minime
1122 1722 1251 1833 culpa
1273 1722 1442 1804 aberat.
1469 1720 1569 1804 Fuit
1588 1750 1762 1831 quoque

767 1869 1021 1952 Petrarchae
1058 1871 1206 1982 magno
1246 1869 1427 1965 honori,
1461 1869 1577 1978 quod
1612 1871 1759 1950 iisdem

766 2021 1029 2128 temporibus
1056 2021 1110 2098 ab
1135 2019 1305 2098 homine
1331 2021 1447 2128 pacis
1467 2039 1509 2099 et
1533 2018 1638 2098 belli
1664 2019 1766 2098 arti·

764 2166 842 2245 bus
864 2167 1093 2246 clarissimo
1113 2165 1366 2276 Pandulpho
1379 2165 1607 2248 Malatesta
1620 2166 1763 2246 Pisau-

766 2315 803 2390 ri
829 2313 1094 2421 aliarumque
1120 2315 1292 2394 urbium
1317 2315 1485 2394 domino
1513 2314 1762 2394 liberalissi-

764 2461 840 2537 mis
877 2463 1086 2568 promissis
1124 2463 1332 2541 invitatus
1369 2463 1522 2556 fuerit,
1559 2481 1606 2542 ut
1650 2462 1764 2570 apud

766 2633 860 2686 eum
881 2633 966 2684 esse
979 2605 1126 2687 vellet.
1149 2604 1328 2688 Gaussas
1346 2612 1457 2689 tanti
1475 2605 1676 2688 desiderii
1696 2599 1765 2686 ne·

764 2783 830 2833 mo
859 2781 945 2834 non
977 2775 1176 2837 noverat:
1204 2756 1379 2835 named
1409 2757 1559 2835 merita
1583 2781 1764 2832 consue-

767 2900 871 2982 tudo
892 2895 1195 2980 iucundissima
1224 2923 1453 2982 accesserat
1479 2901 1555 2980 illo
1580 2922 1764 3010 tempore

765 3077 851 3156 quo
869 3046 1104 3176 Mediolani
1123 3049 1260 3130 fuerat
1288 3049 1585 3160 Pandulphus‚
1608 3071 1655 3130 ut
1675 3049 1765 3129 nul·

765 3195 806 3274 lo
832 3225 1000 3306 prorsus
1031 3198 1128 3307 plus
1159 3199 1329 3279 homine
1361 3198 1565 3279 delectari
1593 3197 1764 3280 videre-

768 3365 856 3424 tur.
884 3342 1023 3424 Huius
1058 3350 1188 3426 amori
1223 3368 1391 3428 tantum
1424 3344 1687 3439 confidebat,
1712 3365 1760 3424 ut

766 3531 1762 3584 „mammon

826 3639 872 3718 (1)
888 3643 1086 3700 Mentionem
1101 3645 1173 3720 ipse
1182 3642 1268 3720 fecit
1282 3641 1520 3710 humanitatis,
1530 3657 1596 3717 qua
1611 3642 1646 3698 in
1661 3655 1695 3698 se
1710 3642 1764 3696 nsi

767 3757 842 3800 sunt
856 3744 1036 3822 praedones
1053 3747 1137 3824 ipsi,
1149 3749 1263 3804 statim
1275 3764 1315 3803 ac
1326 3745 1562 3822 noveruntquis
1579 3755 1676 3800 esset.
1694 3745 1764 3798 Sen.

767 3841 835 3903 Lib.
852 3847 905 3902 XI.
922 3851 977 3924 Ep.
990 3833 1154 3907 11.'Cetera
1170 3852 1257 3907 inter
1269 3849 1350 3907 baec
1366 3863 1499 3906 narrat.
1511 3845 1574 3905 Vbi
1590 3863 1699 3903 omnes
1715 3863 1764 3899 ca·

766 3948 818 4025 pti
833 3947 886 4007 vel
900 3948 1014 4018 occisi,
1030 3961 1063 4008 et
1076 3961 1164 4008 certe
1180 3949 1314 4029 spoliati
1328 3969 1437 4008 omnes
1453 3959 1579 4016 essent,
1595 3945 1761 4023 egeriae,

769 4062 802 4106 et
818 4049 987 4123 altilibus,
1011 4063 1044 4112 et
1063 4056 1187 4130 pomis.
1211 4066 1244 4112 et
1265 4051 1431 4131 speciebus
1453 4052 1497 4110 sic
1516 4061 1667 4108 onustam
1683 4065 1766 4125 pup-

767 4153 837 4229 pim
848 4153 965 4225 habui,
977 4167 1014 4214 ut
1027 4175 1093 4215 non
1104 4156 1255 4215 ferocitas
1267 4156 1398 4234 quidem
1409 4154 1498 4224 ulla,
1512 4153 1567 4213 sed
1583 4147 1764 4222 liberalitas

772 4255 971 4316 bellatorum
987 4276 1095 4316 meum
1113 4256 1195 4316 illud
1216 4259 1277 4316 iter
1292 4257 1464 4335 pacificum
1482 4253 1680 4315 retardaret.
