4254 5824
806 634 877 723 81

345 837 569 950 expressit.
596 830 813 913 Laudavit'
831 829 1028 910 Pontifex
1047 828 1202 909 Poetae
1227 832 1339 942 ing'e·

345 989 543 1079 nium,et
562 999 850 1061 remuneratus
870 979 997 1058 etiarn
1018 999 1079 1057 est
1103 977 1186 1058 diti
1208 981 1342 1057 sacer·

346 1134 482 1225 dotto,
501 1129 615 1237 quod
641 1131 732 1208 erat
758 1130 804 1206 in
831 1154 930 1238 agro
957 1125 1105 1204 Pisano
1138 1125 1340 1232 quodque

346 1277 582 1390 Migliarini
603 1275 818 1357 Prioratus
838 1274 1089 1369 dicebatur,
1109 1272 1182 1352 sed
1200 1299 1242 1352 se
1261 1301 1343 1352 mo·

345 1453 444 1507 vere
464 1423 681 1506 Avenione
704 1421 871 1517 noluit,
891 1443 933 1501 et
959 1423 1003 1498 in
1029 1448 1188 1498 summa
1206 1418 1341 1498 molli-

345 1574 406 1652 tie
425 1573 577 1666 animi,
596 1591 638 1650 et
658 1565 788 1650 effusa
809 1595 907 1678 erga
926 1568 1187 1678 propinquos
1204 1566 1341 1646 indul·

346 1721 511 1828 gentis,
537 1739 588 1802 et.
615 1745 714 1828 erga
751 1743 892 1796 omnes
928 1714 1212 1810 liberalitate,
1249 1721 1340 1794 'eam

348 1867 542 1976 turpavit
568 1865 758 1963 laudem,
778 1891 905 1973 quam
926 1863 1123 1944 alitteris
1149 1863 1344 1943 obtinuess

348 2033 436 2092 rat.
471 2011 577 2092 Sane
612 2014 848 2122 perniciose
873 2031 1089 2091 merentur
1114 2010 1167 2091 de
1199 2009 1347 2120 Repu-

349 2159 461 2238 blioa
485 2159 628 2240 vitiosi
665 2157 908 2267 Principes,
937 2157 1053 2264 quod
1090 2185 1174 2236 non
1209 2155 1342 2236 solum

349 2307 454 2391 vitia
478 2307 726 2415 concipiunt
752 2307 859 2415 ipsi,
879 2305 950 2385 sed
971 2333 1022 2384 ea
1046 2305 1279 2387 infundunt
1299 2307 1343 2384 in

350 2455 591 2546 civitatem,
615 2480 769 2559 neque·
791 2451 926 2532 solum
957 2452 1111 2532 obsunt
1128 2452 1252 2559 'quod
1278 2451 1343 2532 illi

354 2599 437 2706 ipsi
462 2618 814 2708 corrumpuntur,
846 2599 918 2678 sed
954 2601 1083 2678 etiam
1113 2599 1227 2706 quod
1253 2627 1348 2680 cor-

352 2767 577 2854 rumpunt,
596 2746 777 2856 plusque
804 2745 995 2856 exemplo
1018 2776 1146 2854 quam
1170 2769 1346 2856 peccato

353 2915 525 2975 nocent.

800 3153 836 3226 X
851 3155 902 3226 X.

436 3333 488 3415 Id
513 3335 801 3418 infelicissime
827 3339 931 3417 inse
957 3359 1158 3448 expertus
1181 3359 1243 3418 est
1268 3338 1350 3418 Pe-

280 3581 283 3588 ·
353 3481 543 3578 trarcha,
562 3485 637 3590 qui
657 3481 876 3566 Avenione
902 3503 1160 3564 commorans
1180 3513 1263 3564 non
1290 3515 1348 3565 so·

354 3625 442 3706 lum
459 3629 534 3708 illo
546 3643 683 3739 putu,
698 3634 865 3742 integro
887 3653 929 3712 et
951 3655 1066 3712 casto
1084 3634 1350 3740 quemadmo

354 3771 455 3854 dum
481 3778 535 3856 ab
567 3779 658 3887 ipso
692 3779 1015 3890 appellabatur,
1042 3807 1141 3890 erga
1165 3777 1348 3861 Lautam

357 3947 495 4000 amore
523 3950 566 4002 se
590 3927 745 4006 iterum
772 3927 920 4008 ardere
947 3932 1103 4024 sensit,
1125 3927 1197 4009 sed
1224 3935 1350 4011 etiam

357 4066 605 4180 voluptarie
626 4099 668 4150 se
699 4073 843 4170 dedit,
869 4103 921 4154 ex
945 4105 1033 4184 quo
1062 4075 1192 4156 liliam
1217 4105 1352 4158 susce-

357 4215 442 4322 pit,
454 4219 524 4296 cui
541 4213 789 4300 Franciscae
810 4249 961 4302 nomen
981 4227 1200 4333 imposuit.
1217 4223 1352 4334 Agno-

1129 4347 1157 4382 11
