4180 5796
596 808 616 841 Χ

1168 639 1283 732 170

731 827 876 920 beret,
913 823 1188 934 facturusque
1213 831 1307 904 non'
1331 844 1438 907 esset
1468 824 1653 912 libenter
1677 861 1726 912 ac

729 977 936 1060 studiose.
965 973 1146 1056 Coactus
1172 977 1284 1054 enim
1308 972 1554 1058 Franciscus
1578 977 1727 1070 Carra·

731 1127 882 1206 riensis
901 1153 1047 1234 pacem
1068 1154 1092 1203 a
1110 1121 1306 1218 Venetis,
1326 1152 1350 1202 a
1370 1127 1527 1231 quibus
1547 1125 1726 1208 infideli·
1779 1176 1781 1180 v

730 1279 832 1358 tatis
864 1275 1167 1368 accusabatur,
1201 1271 1454 1382 suppliciter
1487 1295 1655 1384 petere,
1681 1297 1726 1384 et

727 1424 808 1505 hac
831 1424 884 1503 de
909 1451 1054 1504 caussa
1072 1421 1204 1500 filium
1223 1419 1424 1502 Venetias
1446 1424 1639 1519 mittere,
1657 1453 1726 1504 co·

726 1578 871 1654 mitem
904 1573 1005 1652 huic
1041 1565 1311 1652 Pe'trarcham
1344 1571 1485 1668 dedit,
1521 1573 1567 1652 in
1602 1574 1722 1652 cuius

725 1726 864 1837 gratia
890 1743 931 1801 et
957 1721 1205 1827 eloquentia
1230 1725 1345 1829 spem
1370 1709 1533 1800 omnem
1552 1744 1724 1800 concor-

724 1871 820 1951 diae
855 1889 1123 1980 reposuerat.
1161 1866 1282 1968 Quae
1316 1871 1406 1978 ipse
1439 1868 1549 1948 dixit
1584 1895 1723 1947 coram

725 2018 1063 2128 frequentissimo
1075 2013 1234 2097 Senatu
1253 2011 1503 2127 (miraberis
1523 2041 1620 2096 sane
1638 2017 1724 2124 pri·
1763 2010 1765 2014 ’

724 2166 793 2245 die
818 2193 948 2272 quam
971 2165 1077 2245 haec
1114 2163 1271 2245 dixerit
1303 2183 1389 2244 tam
1414 2166 1602 2276 graviter
1626 2189 1724 2242 exa-

722 2317 929 2393 nimatum
964 2313 1115 2409 fuisse,
1141 2333 1189 2392 ut
1220 2315 1462 2394 institutam
1486 2314 1724 2393 orationem

724 2462 974 2571 abrumpere
984 2441 1159 2542 ¹coactus
1179 2457 1329 2571 fuerit)
1343 2463 1640 2573 benignissime
1658 2487 1723 2538 ac·

723 2631 850 2719 cepta
875 2611 1074 2707 fuerunt,
1095 2611 1262 2719 sibique
1287 2609 1518 2718 plurimum
1537 2606 1724 2719 gratula-

724 2781 794 2837 tus
812 2779 893 2854 est,
913 2759 1028 2865 quod
1047 2761 1227 2840 maximo
1253 2758 1445 2868 periculo
1471 2757 1721 2837 liberaverit

721 2903 959 3003 hominem,
980 2911 1050 2988 cui
1076 2928 1244 3015 tantum
1263 2908 1450 2988 debebat
1461 2966 1472 3002 ,
1490 2927 1539 2986 ut
1557 2903 1669 3024 illud
1687 2904 1724 2978 i·

721 3081 842 3161 psum
868 3057 1042 3162 pietatis
1065 3085 1217 3136 nomen
1244 3057 1384 3138 levius
1411 3054 1529 3136 illius
1553 3077 1655 3170 erga
1679 3076 1721 3127 se

721 3203 881 3282 meritis
907 3203 988 3310 ipsi
1014 3229 1100 3282 esse
1126 3202 1366 3288 videretur.
1480 3199 1484 3207 ’

1084 3459 1357 3538 XXXVIII.

794 3638 887 3723 Hoc
907 3643 1099 3726 confecto
1118 3648 1317 3729 mandato
1338 3647 1467 3728 rediit
1487 3647 1542 3726 ad
1555 3644 1721 3754 Arqua·

720 3789 878 3868 danum
896 3819 1034 3886 suum,
1056 3795 1103 3871 in
1121 3823 1207 3902 quo
1223 3799 1475 3904 sapientiam
1496 3798 1629 3904 ipsam
1647 3795 1721 3872 do-

719 3935 925 4016 micilium
950 3943 1134 4046 posuisse
1161 3944 1355 4025 dixisses.
1382 3943 1599 4056 Legebat,
1622 3943 1720 4021 scri·

720 4081 879 4232 bibat,
915 4059 1284 4172 commentabatur
1320 4120 1483 4202 semper
1519 4089 1717 4199 aliquid,

719 4257 888 4337 prorsus
924 4237 1137 4318 intentum
1173 4244 1391 4338 animum,.
1408 4265 1611 4350 tanquam
1649 4267 1720 4317 ar-
