4260 5826
346 899 488 982 neque
520 872 697 985 gloriam
735 895 875 976 neque
911 865 1142 949 utilitatem
1178 864 1339 946 retule-

347 1043 470 1102 runt.
507 1017 601 1102 Hoc
636 1017 765 1100 fatale
802 1014 953 1098 Italiae
989 1041 1074 1094 esse
1108 1009 1338 1094 Petrareba

346 1169 541 1263 dicebat,
571 1189 618 1247 ut
650 1195 722 1246 eae
755 1163 1062 1275 Respublieae,
1091 1189 1203 1270 quae
1236 1163 1342 1240 mari

347 1315 699 1410 dominabantur,
725 1335 766 1394 et
798 1314 843 1392 in
868 1311 1026 1420 quibus
1051 1311 1255 1420 pristinae
1279 1307 1345 1387 di-

347 1463 523 1574 gnitatis
556 1462 854 1569 libertatisque
889 1458 1065 1570 effigiem
1098 1481 1141 1536 te
1171 1456 1345 1537 dixisses

347 1612 530 1706 intueri,
556 1612 778 1723 perpetuis
803 1610 912 1688 odiis
946 1637 970 1688 a
1000 1635 1042 1686 se
1068 1605 1343 1700 dissiderent,

348 1784 389 1836 se
415 1786 457 1837 se
481 1780 629 1840 mutuo
653 1759 872 1840 illiderent
898 1758 1174 1864 minimeque,
1201 1756 1233 1832 si
1258 1756 1348 1836 vir-

351 1905 456 1984 tutis
481 1927 524 1987 et
560 1909 783 2014 potentiae
821 1905 1104 2016 experiendae
1137 1901 1348 1982 desiderio

350 2054 631 2150 tenebantur,
668 2083 783 2134 arma
813 2084 838 2134 a
865 2054 1098 2136 visceribus
1127 2051 1281 2132 Italiae
1308 2054 1349 2130 i·-

349 2202 464 2306 psius
490 2225 765 2298 averterent,
792 2225 834 2283 et
860 2201 915 2280 ad
941 2199 1130 2282 Orientis
1156 2203 1347 2312 regiones

351 2347 653 2431 transferrent.
699 2349 850 2430 Multis
880 2348 980 2428 hinc
1012 2349 1132 2430 illinc
1164 2351 1349 2457 acceptis

351 2493 648 2590 detrimentis,
680 2497 846 2576 studuit
877 2497 1043 2574 easdem
1069 2495 1349 2605 Respublicas

352 2669 376 2720 a
394 2641 536 2723 furore
563 2671 783 2740 revocare,
804 2645 921 2752 quod
940 2673 991 2722 ea
1010 2643 1145 2754 gloria
1170 2645 1350 2721 maxime

352 2789 628 2886 trahebatur,
647 2819 758 2900 quae
784 2813 846 2872 est
872 2791 1048 2872 illustris
1074 2811 1116 2870 et
1144 2819 1350 2902 pervaga-

352 2957 399 3016 ta
423 2937 654 3018 multorum
680 2960 722 3020 et
749 2967 994 3052 magnorum
1020 2939 1089 3020 vel
1113 2943 1156 3018 in
1182 2967 1278 3018 suos
1297 2941 1354 3018 ci·

354 3111 425 3164 ves
450 3084 519 3166 vel
544 3089 589 3166 in
614 3091 799 3197 patriam
822 3091 890 3170 vel
916 3093 965 3168 in·
980 3117 1102 3168 omne
1129 3115 1259 3199 genus
1277 3087 1353 3167 ho-

353 3234 514 3312 minum
547 3235 659 3316 fama
692 3241 960 3320 meritorum.
997 3235 1110 3317 Huic
1137 3235 1349 3317 serviendi

352 3379 538 3462 oblatam
563 3385 645 3464 sibi
663 3387 935 3466 accederem
954 3387 1149 3494 putavit,
1170 3411 1264 3464 cum
1289 3387 1354 3463 in-

354 3553 483 3610 eunte
511 3552 671 3614 aestate
704 3561 769 3613 an.
796 3559 963 3614 uocum
998 3529 1260 3613 Avenionem
1283 3559 1352 3612 re·

355 3703 518 3774 versus,
536 3681 706 3776 taedio,
724 3683 769 3760 ni
795 3681 943 3777 fallor,
961 3681 1251 3762 calamitatum
1272 3679 1354 3766 Ita·

354 3819 462 3924 liae,
487 3826 539 3905 de
564 3831 729 3909 ratione
756 3831 1044 3941 prospiciendi
1069 3831 1196 3910 rebus
1219 3829 1353 3908 urba·-

356 3971 422 4050 nis
448 3973 665 4054 consultus
688 3975 835 4058 fuisset
861 3999 1095 4086 aqtratuor
1117 3975 1358 4056 Cardinali-

359 4115 460 4214 bus,
484 4121 640 4228 quibus
666 4122 865 4204 Pontifex
889 4125 970 4204 hoc
995 4127 1213 4236 negotium
1240 4154 1357 4204 man-

358 4265 553 4348 daverat.
573 4265 728 4378 Populi
748 4266 926 4350 Romani
946 4291 1115 4352 strenue
1135 4293 1225 4354 tum
1238 4279 1356 4352 eaus-
