4260 5826
1205 630 1327 722 142

773 807 889 886 caclo
925 805 1192 902 intulerunt,
1227 806 1423 888 laudabis
1459 837 1557 887 vero
1593 809 1765 892 Petrar-

771 953 915 1050 cham,
933 953 1048 1062 quod
1068 957 1112 1036 in
1131 955 1389 1065 exponendis
1413 953 1762 1038 Scholasticorum

773 1101 1061 1186 deliramentis
1079 1131 1120 1182 se
1141 1133 1225 1184 non
1243 1106 1365 1185 modo
1384 1105 1760 1204 bene-animatum,

770 1250 843 1332 sed
863 1273 904 1330 et
923 1269 1058 1330 totum
1079 1251 1380 1332 inflammatum
1397 1251 1630 1334 ostenderit
1647 1255 1692 1332 in
1705 1255 1765 1334 di·

771 1399 916 1476 vinum
943 1418 1157 1478 auctorem
1180 1396 1446 1480 Christianae
1471 1401 1687 1510 religionis
1700 1398 1763 1498 (¹),

771 1546 907 1652 ipsum
925 1571 1025 1624 vero
1044 1543 1219 1626 fortasse
1235 1545 1424 1628 levitatis
1443 1551 1758 1646 subaccusnbis‚

769 1690 884 1798 quod
904 1692 956 1771 ad
975 1690 1260 1800 repellendam
1279 1693 1476 1776 illiterati
1496 1695 1677 1776 hominis
1700 1725 1762 1776 ac-

773 1842 1036 1920 cusationem
1073 1844 1343 1940 narraverit,
1376 1865 1480 1950 quot
1524 1843 1765 1934 litterarum
1846 1863 1849 1870 ·

769 2014 916 2065 caussa
941 1987 1009 2069 vel
1035 1991 1221 2096 aprima
1245 1989 1533 2070 adolescentia
1558 1992 1763 2070 sustinue-

768 2135 824 2215 rit
850 2133 1037 2232 labores,
1062 2157 1254 2243 quotque
1280 2134 1453 2217 affectus
1477 2138 1606 2217 fuerit
1631 2137 1763 2216 hono·

769 2281 886 2360 ribus
914 2311 937 2360 a
963 2285 1128 2362 summis
1158 2283 1369 2395 Regibus,
1395 2284 1592 2364 Romanis
1624 2285 1765 2366 Ponti·

769 2427 945 2526 ficibus,
964 2433 1101 2537 iisque
1121 2431 1315 2510 omnibus
1339 2459 1521 2538 quorum
1546 2431 1761 2512 eminebat

768 2576 953 2687 dignitas
973 2596 1101 2698 atque
1117 2580 1329 2686 potentia.
1350 2576 1491 2658 Maius
1512 2579 1639 2657 etiam
1659 2605 1780 2687 opus·

769 2727 998 2834 suscepisse
1024 2726 1220 2821 videtur,
1247 2756 1342 2808 cum
1368 2753 1585 2838 aggressus
1614 2725 1761 2806 fuisset

769 2899 909 2950 omnes
943 2873 1065 2982 impii
1091 2870 1291 2956 Averrois
1316 2873 1551 2954 ‘confutare
1581 2899 1765 2963 errores,

727 3089 730 3095 .
767 3017 997 3123 quodcum
1016 3021 1145 3100 variis
1162 3020 1390 3100 distractus
1410 3018 1765 3128 occupationibus

768 3163 983 3244 absolvere
1008 3167 1177 3245 minime
1202 3169 1431 3275 potuisset,
1450 3165 1650 3274 precibus
1675 3165 1762 3273 egit

770 3339 864 3392 cum
889 3309 1063 3424 Aloysio
1087 3310 1279 3392 Marsilio
1299 3311 1610 3424 Augustiniano
1634 3309 1764 3390 homi·

768 3488 846 3554 ne,
872 3461 990 3540 cuius
1015 3489 1212 3574 magnum
1243 3482 1334 3542 erat
1361 3462 1406 3539 in
1432 3457 1660 3568 Theologis
1684 3485 1764 3536 no-

768 3642 1026 3662 'confimo
1032 3643 1185 3663 ‘0000‘
1189 3635 1764 3664 “menen-fid

822 3721 867 3798 (r)
884 3726 953 3793 Quo
967 3721 1083 3799 plura,
1099 3726 1207 3800 inquit
1223 3727 1309 3800 ipsc,
1324 3733 1439 3780 contra
1455 3719 1575 3778 Christi
1590 3717 1685 3774 fidem
1702 3715 1782 3772 dici·

769 3821 885 3890 audio,
901 3835 934 3878 et
949 3823 1113 3882 Christum
1138 3825 1239 3901 magis
1255 3843 1361 3884 amem
1378 3837 1411 3881 et
1433 3823 1467 3880 in
1490 3819 1611 3880 Christi
1625 3817 1689 3874 fide
1703 3817 1763 3874 sim

769 3924 913 3994 firmior,
929 3927 976 3984 ita
992 3945 1107 4004 nempe
1124 3927 1207 3984 mihi
1221 3927 1360 3997 accidit,
1375 3939 1413 3984 ut
1428 3926 1455 3984 si
1473 3923 1545 4002 quis
1560 3924 1596 3980 in
1611 3921 1715 4000 patris
1730 3940 1766 3978 a·

769 4044 859 4084 more
874 4027 1056 4104 tepentior‚
1073 4025 1112 4084 de
1137 4025 1195 4086 illo
1211 4029 1325 4087 audiat
1341 4027 1575 4105 obloquentes,
1591 4041 1766 4100 amorque,

770 4129 825 4204 qui
842 4131 967 4206 sopitus
982 4129 1179 4200 videbatur,
1201 4131 1289 4190 illico
1311 4131 1506 4200 inardescit3
1525 4131 1572 4187 its
1587 4129 1673 4186 enirn
1690 4145 1764 4187 eve-
1850 4133 1852 4136 '

770 4230 840 4288 nist
857 4249 984 4290 necesse
999 4247 1069 4303 est,
1083 4235 1110 4291 si
1125 4252 1221 4292 verus
1236 4247 1285 4294 est
1301 4233 1402 4294 filius·
