4254 5824
812 623 885 732 83

352 854 446 906 eum
465 825 555 906 vita
578 839 740 934 pugnat
765 812 945 930 oratio),
967 844 1090 900 verae
1110 819 1342 928 sapientiae

354 999 468 1052 amor
485 969 610 1051 facile
630 969 683 1048 ab
707 965 783 1048 illo
801 969 1110 1076 impetrarunt,
1128 985 1176 1045 ut
1200 964 1341 1074 lapsus
1396 991 1399 997 ’

355 1120 508 1239 aetatis
526 1116 793 1227 poenitentia
812 1116 1059 1224 corrigeret,
1077 1133 1346 1220 mentemque

355 1289 489 1371 usque
515 1293 564 1344 eo
585 1263 900 1356 corroboraret,
919 1281 968 1340 ut
989 1262 1192 1342 virtutem
1216 1255 1348 1338 effice·

355 1429 441 1490 ret.
466 1407 692 1520 Exemplar
710 1409 793 1490 sibi
817 1427 915 1490 ante
935 1406 1079 1488 oculos
1099 1407 1241 1516 posuit
1261 1416 1349 1484 sani·

355 1557 529 1638 ctissimi
564 1556 647 1636 viri
684 1553 943 1666 Augustini,
975 1556 1101 1660 quem
1134 1572 1183 1632 ut
1209 1551 1348 1645 vitiis,

355 1703 414 1782 sic
438 1701 641 1784 laudibus
670 1701 874 1782 aemulari
903 1701 1172 1812 concupivit.
1212 1695 1352 1778 Colle·

309 1911 313 1920 .
357 1851 419 1960 git
444 1853 534 1959 ipsc
560 1879 627 1944 se,
653 1869 697 1930 et
727 1851 848 1956 quasi
883 1877 978 1928 cum
1012 1877 1061 1930 eo
1087 1845 1351 1954 colloquere-

356 2017 453 2090 tur,
479 2025 530 2076 ea
553 1997 723 2105 scriptis
747 1996 987 2090 mandavit,
1013 1985 1243 2102 inquibus
1275 2021 1351 2074 ex·-

357 2169 545 2250 pressam
568 2142 714 2224 videre
739 2143 840 2224 licet
874 2143 1097 2252 imaginem
1123 2142 1213 2220 eius
1237 2142 1352 2222 vitae

359 2311 491 2394 atque
509 2293 679 2385 mentis,
698 2318 809 2398 quae
827 2309 892 2370 tot
911 2287 1178 2400 affligebatur
1189 2309 1354 2396 pertun·

357 2433 627 2528 bationibus,
647 2455 797 2542 totque
817 2437 1023 2516 sustinere
1042 2435 1156 2516 bella
1177 2437 1354 2545 cogeba-

358 2598 430 2658 tur
458 2579 511 2658 ad
537 2578 812 2660 debellandas
836 2581 989 2660 virtuti
1015 2581 1206 2661 inimicas
1236 2584 1356 2690 cupi·

359 2723 533 2806 ditates.
560 2722 623 2802 Ex
648 2723 729 2804 hoc
748 2747 893 2806 sancto
911 2746 1175 2836 augustoque
1195 2725 1355 2839 Hippo·

358 2873 498 2952 nensis
526 2869 724 2984 Episcopi
759 2875 877 2956 fonte
908 2877 973 2954 sui
1009 2875 1354 2985 reprehensiones

359 3015 527 3114 hausit,
562 3021 678 3128 quod
714 3023 897 3132 ingenii,
932 3021 1153 3106 doctrinae
1186 3045 1229 3105 et
1261 3025 1353 3104 elo-

359 3167 562 3272 quentiae
588 3167 739 3250 famam
766 3171 1022 3276 quaesierit,
1048 3169 1166 3278 quod
1196 3172 1241 3250 in
1267 3201 1356 3253 cor·

366 3315 482 3420 poris
506 3313 659 3410 forma,
685 3318 960 3411 ornamentis,
979 3317 1226 3426 viribusque
1251 3321 1354 3401 boni

365 3458 532 3566 aliquid
558 3463 692 3542 inesse
718 3463 960 3570 putaverit,
978 3462 1095 3568 quod
1120 3463 1276 3573 cupide
1293 3467 1357 3544 ni-

362 3608 439 3686 mis
470 3606 653 3690 honores
685 3610 967 3718 appetiverit,
991 3610 1106 3718 quod
1142 3612 1356 3694 interdum

365 3753 656 3836 exardesceret
682 3757 906 3838 iracundia
924 3777 967 3840 ct
985 3758 1220 3855 stomacho,
1240 3759 1356 3868 quod

363 3898 558 3978 vitiosam
591 3897 858 3984 offensionem
891 3923 935 3984 et
970 3903 1188 3986 fastidium
1223 3933 1274 3983 ex
1305 3907 1358 3986 iis

364 4069 475 4150 quae
501 4044 582 4124 sibi
601 4047 851 4132 accidebant
872 4049 998 4134 facile
1016 4055 1255 4162 exciperet,
1273 4054 1359 4134 ani·

365 4191 508 4298 mique
529 4193 759 4308 angoribus
776 4167 945 4278 minime
970 4202 1220 4282 medicinam
1243 4199 1359 4278 adhi-
