4260 5826
1203 617 1312 708 150

761 795 941 876 fuerint.
980 796 1200 896 Quotiens,
1235 803 1295 879 ait
1331 801 1420 908 ipse
1436 796 1503 896 (1),
1531 803 1755 912 pecaniam

762 947 852 1024 misi
880 973 959 1024 mom
978 973 1060 1056 per
1083 946 1255 1028 Italiam
1280 947 1424 1038 modo,
1451 947 1519 1030 abi
1545 977 1654 1030 eram
1677 978 1756 1032 no-

762 1095 861 1184 rior,
888 1093 960 1174 sed
983 1121 1063 1206 per
1086 1094 1251 1176 Gallias
1278 1116 1399 1208 acque
1427 1095 1688 1178 Germaniam
1714 1122 1755 1178 ec·

643 1305 649 1316 .
764 1237 888 1351 a's'qae
907 1241 964 1323 aei
981 1241 1215 1354 Hispanias
1236 1239 1666 1356 arqae'Britarmiaml
1682 1246 1758 1326 Di·

762 1417 853 1470 cam
870 1389 977 1500 qaod
1001 1391 1176 1480 mireris,
1196 1411 1236 1470 ec
1262 1394 1307 1469 in
1333 1390 1550 1474 Graeciam
1576 1396 1689 1485 misi,
1714 1415 1755 1472 er

760 1537 1121 1620 ande-Ciceronem
1148 1539 1437 1651 expectabam,
1457 1538 1585 1622 habai
1606 1542 1756 1622 Home-

763 1713 874 1782 ram,
893 1690 1047 1796 quique
1067 1686 1252 1769 Graecas
1271 1688 1328 1769 ad
1346 1693 1552 1778 mevenit,
1572 1718 1662 1768 mea
1680 1697 1759 1800 ope

761 1853 801 1914 ec
814 1833 1159 1947 impensafoocas
1177 1855 1237 1916 est
1249 1835 1450 1926 Larinas,
1462 1863 1575 1916 manc
1594 1855 1633 1914 ec
1653 1837 1760 1914 incer

762 1979 935 2062 Latinos
967 1983 1100 2064 volens
1130 1979 1285 2064 mecam
1314 1981 1498 2064 habitor.
1528 1981 1758 2076 Gloriaba-

761 2151 834 2209 tur
857 2125 1032 2238 'quoque
1059 2159 1100 2209 se
1128 2131 1336 2210 sexdecim
1355 2153 1397 2212 et
1425 2129 1605 2240 amplius
1628 2130 1758 2210 libros

763 2277 953 2359 Platonis
980 2279 1162 2383 habere,
1189 2306 1241 2358 ex
1269 2281 1406 2386 iisque
1434 2279 1599 2387 aliquot
1635 2277 1759 2358 Lati-

764 2453 861 2504 nam
879 2429 924 2505 in
947 2417 1136 2535 linguam
1154 2451 1482 2519 conversos‚neo
1501 2425 1581 2502 ulli
1602 2417 1763 2532 impen-

689 2627 691 2632 ,
766 2598 833 2652 sae
863 2601 911 2652 ac
939 2565 1190 2684 diligentiae
1217 2575 1487 2684 pepercisse,
1512 2594 1561 2651 ut
1584 2569 1759 2650 Hesiodi

764 2747 935 2829 quoque
966 2741 1184 2829 poemata,
1210 2741 1252 2798 et
1282 2717 1499 2827 Euripidis
1529 2745 1576 2795 ac
1601 2714 1760 2825 Sopho·

763 2869 840 2947 elis
864 2859 1120 2979 tragoedias,
1148 2866 1337 2976 aliosque
1362 2865 1602 2947 huiusmodi
1628 2866 1759 2944 libros

762 3015 884 3094 Italis
926 3017 1010 3093 suis
1044 3041 1210 3122 prorsus
1246 3017 1484 3124 incognitos
1521 3014 1758 3094 obtineret.

763 3159 871 3240 Vsus
897 3163 1144 3270 praesertim
1168 3165 1213 3240 in
1232 3160 1557 3270 interpretando
1575 3159 1758 3240 Homero

764 3305 1759 3417 operavideturLeontiiPilatiCalabri‚quem
1834 3293 1837 3298 ¹

764 3451 959 3536 Veneriis
989 3457 1135 3551 novit,
1154 3477 1197 3536 et
1221 3481 1406 3562 quocum
1432 3439 1509 3562 per
1535 3483 1690 3534 annum
1715 3474 1759 3533 et

766 3603 945 3711 amplius
971 3603 1292 3682 familiarissime
1320 3605 1449 3683 vixit.
1488 3599 1689 3682 Retinere
1718 3627 1761 3678 a·

765 3751 858 3858 pud
895 3775 936 3828 se
973 3771 1156 3858 optasset
1194 3749 1366 3830 doct'um
1404 3749 1646 3846 hominem,
1683 3775 1759 3857 per

765 3923 891 4004 quem
910 3893 1101 3976 Graecae
1121 3897 1293 4010 linguae
1312 3899 1501 3979 studium
1521 3897 1682 3976 iamdiu
1699 3898 1759 3976 in·

766 4129 1022 4150 ”numo
1026 4129 1754 4152 OONWNOOMOOMWOOE

829 4201 873 4296 (ι)
890 4225 962 4278 sen.
979 4221 1046 4279 Lib.
1062 4225 1128 4281 xv.
1147 4227 1201 4300 ap.
1217 4244 1240 4282 1.
