4260 5826
1211 610 1315 704 rio

769 811 911 918 Tellus
929 799 1132 892 nobilibus
1150 799 1323 892 mulsum
1340 817 1575 925 generosior
1592 817 1695 905 oris,

757 959 959 1040 Fertilior
976 962 1161 1048 cunctis,
1180 981 1290 1040 terra
1302 957 1529 1068 formosior
1546 967 1674 1052 omni,

763 1107 912 1190 Cincea
932 1113 1038 1190 rnori
1055 1113 1237 1220 gemino,
1245 1103 1412 1214 famoso
1430 1107 1652 1220 splendido
1668 1132 1819 1200 monce,

753 1254 966 1338 Armorum
983 1257 1193 1367 legumque
1208 1253 1350 1336 eudem
1366 1256 1598 1336 uenerando
1612 1284 1847 1347 sacrarum,

756 1405 1048 1515 Pieridumque
1063 1405 1223 1493 domus,
1240 1433 1423 1516 auroque
1439 1405 1638 1518 opulenta
1658 1407 1859 1516 uirisque,

760 1551 887 1634 Cuius
907 1551 964 1632 ad
983 1555 1150 1634 eximios
1171 1580 1240 1633 ors
1260 1573 1299 1632 eo
1317 1576 1472 1634 natura
1482 1552 1652 1666 fusores

757 1699 987 1782 Incubuere
1001 1703 1148 1792 simul,
1161 1701 1392 1816 mundoque
1404 1701 1552 1784 dedere
1569 1706 1829 1814 magistram,

756 1844 823 1928 Ad
842 1871 1010 1930 renunc
1030 1850 1178 1963 cupide
1188 1871 1289 1963 post
1303 1873 1489 1965 tempora
1506 1853 1633 1964 longa
1651 1871 1837 1940 revertor,

740 1975 899 2090 ¹Incola
917 2019 1169 2111 perpetuus,
1187 2018 1234 2078 ou
1252 1998 1473 2081 diversoria
1497 2003 1603 2080 nicae

696 2193 708 2219 s
756 2146 890 2229 Grata
904 2147 1021 2230 dabis
1025 2147 1192 2258 fessae,
1208 2172 1257 2230 cu
1272 2171 1480 2259 quantam
1490 2146 1662 2260 pallida
1681 2145 1847 2225 tandem

756 2293 942 2376 Membra
954 2315 1096 2410 segont
1100 2295 1337 2411 praestabis
1350 2293 1534 2384 humum,
1545 2317 1585 2375 ce
1597 2294 1731 2374 laetus
1744 2290 1795 2372 ab
1807 2289 1897 2371 olco

754 2443 927 2526 Italiam
948 2445 1061 2526 uideo
1070 2443 1314 2554 frondencis
1334 2444 1441 2524 colle
1463 2441 1705 2538 Gebennae,

752 2589 916 2674 Nubila
925 2617 1026 2706 poss
1045 2617 1205 2706 tergum
1223 2588 1569 2702 remaneuo,ferie
1584 2593 1657 2670 o'ro
1676 2613 1842 2670 serenus

752 2735 958 2852 Spiritus,
980 2763 1021 2822 ec
1040 2741 1205 2823 blandis
1224 2769 1442 2854 assurgens
1461 2737 1666 2820 montibus
1685 2765 1759 2816 aer

756 2887 952 3002 Excipic;
970 2918 1147 3004 agnosco
1153 2895 1363 3004 patriam,
1377 2885 1642 3004 gaudensque
1657 2883 1815 2974 saluto,

753 3031 1088 3150 Saloe,pulcbru
1101 3068 1278 3152 parens,
1294 3057 1497 3122 terrorum
1510 3037 1671 3148 gloria,
1686 3031 1811 3114 soloe.

1139 3301 1365 3372 XXVIII.

860 3481 1052 3566 Incertus
1071 3507 1163 3566 erat
1183 3483 1433 3566 Franciscus
1452 3484 1528 3564 ubi
1555 3505 1781 3560 commora-

780 3651 928 3726 retur3
966 3633 1137 3712 minime
1171 3653 1314 3714 autem
1351 3631 1551 3710 dubitare
1588 3643 1780 3737 poterat,

782 3783 889 3888 quin
915 3809 1227 3890 quamcumque
1257 3781 1396 3860 sedem
1427 3779 1508 3858 sibi
1535 3775 1781 3886 delegisset,

781 3931 827 4007 in
846 3957 897 4007 ea
914 3931 972 4008 sic
990 3929 1159 4010 futurus
1175 3951 1303 4024 esset,
1319 3923 1673 4036 quemadmodum
1689 3923 1780 4001 eius

781 4073 967 4188 dignitas
992 4097 1034 4156 et
1061 4079 1306 4176 meritorum
1338 4044 1575 4186 amplitudo
1599 4065 1786 4181 postula-

779 4223 878 4306 bat.
900 4221 1056 4304 Omnes
1082 4227 1194 4306 enim
1220 4222 1363 4305 Italici
1388 4221 1612 4330 Principes
1636 4220 1682 4296 in
1705 4213 1781 4293 illo
