4260 5826
800 637 872 732 91

765 927 919 1000 x-xll.

388 1123 393 1132 '
416 1109 570 1194 Totum
589 1109 700 1192 illud
726 1111 813 1190 fere
834 1112 1079 1207 biennium,
1103 1114 1340 1234 ante-quod

343 1257 419 1340 'ulla
439 1259 700 1355 acciderent,
712 1257 885 1360 Parmae
905 1258 1031 1340 fuisse
1043 1259 1225 1342 videtur.
1238 1258 1340 1341 Eius

344 1405 534 1488 inillam
563 1408 711 1490 urbem
741 1409 949 1494 adventus
976 1411 1177 1489 maiorem
1208 1413 1339 1491 etiam

340 1551 549 1635 laetitiam
582 1553 730 1636 attulit
759 1553 891 1652 azzo,
920 1555 1037 1664 quod
1068 1559 1112 1637 in
1141 1560 1340 1640 universa

344 1697 565 1810 Cisalpina
589 1673 735 1784 Gallia
761 1690 927 1816 sparsus
953 1704 1092 1786 fuerat
1119 1735 1282 1804 rumor,
1308 1711 1363 1786 ia·

341 1871 462 1954 psum
487 1877 538 1928 ex
563 1848 759 1932 haesita
790 1853 1007 1962 migrasse.
1035 1851 1217 1937 Curavit
1244 1859 1345 1965 quia

343 1992 459 2089 dem,
481 2017 536 2080 ut,
553 1997 722 2078 abunde
742 1996 809 2078 illi
834 2001 975 2080 omnia
994 2023 1131 2085 essent
1153 2005 1344 2087 advitae

343 2142 680 2226 commoditatem
698 2147 1118 2260 iucunditatemque,
1143 2154 1344 2262 quodque

343 2287 405 2368 ibi
433 2309 600 2372 tantum
628 2292 817 2377 habebat
848 2299 951 2392 otii,
976 2321 1185 2408 quantum
1218 2299 1344 2384 antea

343 2432 532 2518 sibinen
555 2441 812 2550 contigerat,
835 2445 880 2520 in
899 2444 1156 2526 absolvendo
1176 2445 1343 2531 Africae

344 2599 538 2687 poemate
559 2590 742 2668 maxime
758 2589 993 2680 laboravit.
1021 2590 1101 2674 Sed
1127 2594 1247 2675 brevi
1271 2601 1346 2706 qui

342 2725 461 2810 locus
477 2734 636 2839 quietis
661 2757 704 2817 et
731 2739 1061 2848 tranquillitatis
1078 2741 1346 2852 plenissimus
1379 2749 1385 2759 '

344 2873 432 2956 sore
457 2879 710 2978 videbatur,
740 2885 860 2966 in'eo
889 2891 1097 2970 maximae
1126 2892 1345 2975 molestia·-

343 3039 434 3102 rum
459 3027 587 3110 moles
612 3051 655 3111 et
694 3034 1085 3117 turbulentissimae
1118 3061 1344 3151 tempesta-

344 3189 412 3248 tes·
432 3175 688 3259 extiterunt.
720 3177 830 3262 Nam
855 3208 955 3264 cum
981 3185 1134 3284 Arzus,
1160 3213 1209 3271 ut
1237 3193 1342 3272 alibi
1419 3293 1423 3303 Ι

344 3317 581 3418 innuimus,
611 3322 769 3408 Obizuo
801 3327 996 3414 Atestino
1030 3336 1219 3418 Parmam
1246 3339 1345 3421 ven-

344 3462 542 3564 didisset,
560 3499 612 3550 eo
637 3495 825 3583 tempore
851 3507 936 3587 quo
962 3509 1014 3560 ex
1038 3507 1164 3591 pacto
1182 3507 1224 3567 et
1250 3515 1346 3570 con-

343 3635 474 3696 vcnto
492 3621 659 3701 tradere
680 3651 772 3706 eam
791 3627 979 3709 debehat
992 3628 1344 3736 vicecomitibus,

343 3781 525 3864 quorum
552 3769 728 3854 auxiliis
745 3774 892 3883 ipsam
922 3802 1232 3888 occupaverat,
1257 3812 1347 3866 ma·-

344 3907 416 4016 gni
452 3909 551 3990 inde
583 3915 687 3996 belli
724 3949 870 4004 caussa
903 3947 996 4007 orta
1030 3951 1113 4026 est,
1146 3933 1200 4012 ob
1227 3937 1342 4042 quod

344 4056 524 4136 maxima
547 4061 825 4147 multitudine
857 4073 1021 4153 obsessa
1046 4098 1089 4158 et
1115 4077 1345 4162 vehemen-

343 4201 499 4283 tissime
537 4233 783 4322 oppugnata
819 4219 919 4296 urbs
955 4221 1059 4305 fuit.
1089 4225 1195 4306 Tum
1233 4228 1341 4310 nihil
