4184 5806
823 595 895 706 65
978 643 1004 716 ,-

362 823 452 898 rat,
489 818 583 880 tota
618 795 786 908 elegans
822 817 908 892 est,
944 795 997 875 ad
1031 823 1158 903 quam
1193 795 1361 909 elegan-

363 951 464 1029 tiam
488 946 683 1056 adiungit
708 946 836 1024 etiam
854 943 1069 1024 interdum
1090 947 1277 1023 oratoria
1296 944 1359 1023 di-

363 1095 486 1176 cendi
512 1113 782 1188 ornamenta,
808 1092 945 1173 altera
970 1119 1093 1202 pars,
1117 1095 1163 1172 in
1189 1118 1275 1199 qua
1302 1093 1361 1172 al-

363 1243 461 1324 latis
494 1244 682 1322 omnium
716 1262 904 1324 actatum
942 1242 1160 1348 omnisque
1195 1242 1360 1352 generis

360 1389 578 1470 hominum
598 1391 800 1499 exemplis
818 1389 887 1472 vel
912 1390 967 1468 ab
987 1387 1122 1468 Adam
1148 1391 1359 1499 incipiens

363 1540 492 1649 magis
514 1539 730 1650 magisque
752 1537 1024 1619 solitudinem
1042 1535 1217 1632 laudat,
1236 1539 1361 1646 copia

364 1685 616 1767 eruditionis
649 1685 862 1780 abundat,
896 1683 1190 1794 philosophari
1220 1705 1361 1766 autem

363 1835 609 1942 praesertim
627 1833 823 1929 videtur,
849 1861 945 1912 cum
970 1832 1124 1942 prohat
1150 1834 1363 1914 conscien-

364 1983 466 2063 tiam
494 1985 678 2092 optimae
707 1983 858 2062 mentis
883 2003 968 2060 esse
994 1980 1151 2060 debere
1183 1983 1267 2061 ocii
1292 2009 1362 2060 so-

366 2131 474 2208 ciam
493 2150 535 2210 et
555 2127 800 2210 solitudinis
824 2131 1040 2236 comitem,
1059 2131 1364 2238 vituperatque

364 2301 433 2354 eos
467 2277 543 2384 qui
579 2275 739 2354 idcirco
768 2276 874 2383 quia
906 2276 960 2354 ab
984 2275 1205 2356 hominum
1233 2280 1361 2357 socie-
1392 2339 1395 2346 .

366 2441 454 2502 tate
475 2449 516 2501 se
537 2425 832 2518 seiunxerunt,
845 2425 966 2530 quasi
986 2451 1129 2504 eorum
1139 2454 1290 2504 munus
1309 2429 1364 2505 sit

365 2566 476 2648 nihil
501 2581 670 2678 praeter
694 2570 914 2680 negotium
939 2597 1060 2650 suum
1079 2598 1222 2681 agere,
1247 2598 1289 2650 se
1308 2599 1365 2652 so-

366 2717 477 2797 lutos
501 2736 659 2825 putant
685 2717 739 2796 ab
765 2717 992 2798 socialibus
1017 2716 1186 2814 officiis,
1206 2720 1363 2826 quibus

368 2863 535 2944 nullum
554 2866 669 2946 vitae
687 2893 818 2976 genus
836 2895 987 2948 vacare
1009 2887 1165 2976 potest.
1192 2867 1365 2948 Prorsus

367 3011 493 3090 miros
526 3013 591 3091 sui
628 3039 787 3092 amores
818 3017 863 3095 in
900 3012 1130 3094 Petrarcha
1158 3017 1362 3098 excitasse

368 3185 510 3240 veram
529 3161 781 3267 sapientiam
801 3162 981 3258 dixeris,
1001 3164 1121 3244 cuius
1141 3167 1263 3272 quasi
1286 3167 1365 3246 for·

367 3333 474 3384 mam
499 3325 541 3384 et
567 3308 748 3413 speciem
784 3309 917 3416 ipsam
945 3311 1150 3417 expressit
1175 3310 1288 3392 binis
1317 3315 1362 3394 in

367 3452 564 3563 dialogis,
584 3479 690 3560 quos
708 3452 879 3533 habitos
904 3455 1032 3534 luisse
1057 3455 1177 3566 fingit
1198 3459 1310 3539 inter
1329 3457 1364 3538 I·

368 3597 528 3679 dictam
563 3619 606 3679 et
638 3595 884 3695 Oratorem,
912 3625 1104 3708 quosque
1136 3623 1364 3713 propterea

367 3741 419 3822 dc
444 3768 537 3822 uero
561 3747 772 3853 sapientia
797 3749 1033 3856 inscripsit.
1150 3795 1153 3802 ι
