4254 5824
791 849 863 902 nos
889 816 1091 913 absolvit,
1116 819 1317 926 misitque
1343 819 1397 897 ad
1425 817 1671 931 Philippum
1698 819 1785 904 Ca-

791 967 1077 1062 bassolesium,
1097 988 1187 1049 tum
1205 967 1593 1080 Hierosolymorum
1608 971 1788 1052 Patriar·

790 1115 926 1196 chain.
954 1113 1070 1217 Quot
1095 1147 1120 1196 e
1148 1117 1380 1198 solitudine
1413 1119 1629 1200 commoda
1659 1121 1787 1200 utili-

790 1286 1009 1373 tutasque·9
1028 1286 1135 1374 quot
1161 1295 1183 1343 e
1209 1268 1421 1346 contrario
1440 1263 1704 1347 incommoda
1722 1290 1785 1348 at·-

789 1442 873 1522 que
892 1413 1087 1524 pericula
1104 1441 1155 1492 ex
1180 1412 1397 1494 hominum
1420 1417 1631 1496 consortio
1657 1435 1786 1523 atque

790 1562 1033 1670 frequentia
1053 1562 1267 1656 oriantur,
1281 1561 1479 1672 pluribus
1492 1565 1678 1673 exponit.
1698 1560 1783 1662 Qui

791 1711 916 1788 urbes
941 1706 1167 1801 habitant,
1186 1710 1308 1816 quasi
1334 1710 1378 1789 in
1401 1707 1617 1790 domicilio
1642 1731 1782 1817 super·

791 1855 912 1948 biae,
936 1875 978 1934 et
1003 1857 1048 1936 in
1074 1854 1243 1934 sedibus
1267 1853 1464 1937 luxuriae
1490 1877 1620 1964 atque
1646 1856 1777 1935 insci·-

626 2031 629 2041 ·
742 1997 745 2002 ’
790 2005 876 2082 tiae
902 2001 1125 2098 collocati,
1145 2031 1240 2082 oum
1264 2005 1460 2112 quotidie
1485 2008 1531 2082 in
1549 1995 1703 2086 uit-ios'a
1727 2004 1787 2080 in-

790 2171 990 2245 currant,
1016 2149 1279 2258 videantque
1310 2171 1607 2264 paupertatem
1632 2150 1787 2260 probro

757 2313 760 2318 '
790 2296 963 2392 haberi,
988 2299 1276 2378 innocentiam
1294 2325 1372 2408 pro
1398 2299 1679 2408 stupiditate,¹
1697 2325 1794 2406 pare

793 2445 1022 2524 simoniam·
1047 2473 1123 2554 pro
1167 2447 1372 2542 avaritia,
1407 2443 1532 2526 falsas
1566 2447 1787 2556 opiniones

792 2595 1035 2701 erroresque
1083 2595 1451 2702 perniciosissimos
1490 2585 1568 2702 pro
1604 2595 1788 2674 veritate

792 2740 917 2836 duci,
944 2743 1056 2822 cives
1075 2743 1273 2848 quaestui
1294 2763 1423 2849 atque
1448 2738 1637 2850 sumptui
1662 2738 1790 2818 omni-

791 2887 870 2967 bus
894 2889 1028 2969 modis
1053 2887 1219 2966 deditos
1244 2914 1351 2982 esse,
1375 2884 1485 2964 nihil
1512 2887 1655 2993 pensi,
1679 2882 1788 2962 nihil

791 3018 1000 3114 moderati
1024 3032 1214 3129 hahere,¹
1236 3061 1403 3127 amare,
1429 3053 1600 3141 potare,
1626 3025 1788 3141 magni-

792 3180 871 3261 fica
896 3203 1013 3263 tecta
1037 3182 1205 3276 mirari,
1231 3183 1541 3290 temperantiae
1565 3201 1791 3287 atque-pu*

795 3330 886 3408 dori
912 3326 1021 3407 nihil
1054 3329 1310 3423 concedere,
1337 3331 1529 3436 quamvis
1555 3326 1610 3406 ab
1639 3323 1705 3404 his
1729 3325 1791 3404 vi-

794 3479 866 3558 tiis
893 3476 1022 3558 alieni
1048 3479 1155 3572 sint,
1180 3476 1289 3558 malo
1315 3498 1456 3557 tamen
1480 3502 1593 3554 more
1618 3470 1790 3580 paulla-

794 3627 870 3704 tim
906 3645 1252 3734 corrumpentur,
1285 3624 1403 3731 quod
1440 3616 1789 3735 animus‘huma-

794 3797 896 3866 nus,
929 3773 1051 3878 quasi
1087 3771 1327 3855 mollissima
1362 3797 1483 3864 cera,
1521 3765 1790 3876 voluptatum

796 3918 936 3999 calore
956 3916 1080 3998 facile
1100 3918 1307 4000 tabescat.
1330 3915 1428 3996 Pars
1450 3917 1587 4025 prima
1609 3911 1786 3992 huiusce

797 4068 963 4176 operis,
998 4093 1085 4180 qua
1116 4065 1367 4176 depravatos
1402 4061 1625 4144 civitatum
1658 4083 1790 4138 mores

798 4231 840 4291 et
865 4211 1197 4294 infelicissimum
1230 4207 1423 4320 Europae
1460 4227 1615 4291 statum
1638 4203 1791 4314 deplo-
