4260 5826
796 649 901 746 ιγ]

356 868 477 936 cum,
499 837 706 935 habebat,
725 865 778 916 ne
804 836 1078 948 languescens
1105 831 1350 913 succumbe-

356 1011 421 1071 ret
448 987 682 1082 senectuti,
701 1009 828 1093 quem
853 984 934 1064 sibi
960 984 1117 1091 stipato
1139 979 1290 1062 studiis
1309 1009 1353 1060 a·

357 1135 642 1217 dolescentiae
676 1133 881 1241 obrepere
915 1131 1084 1210 minime
1114 1128 1352 1210 sentiebat.

357 1280 448 1364 Nec
470 1279 815 1392 corporisolum,
837 1279 999 1373 aiebat,
1013 1274 1350 1359 subveniendum

357 1450 438 1527 est,
464 1430 536 1509 sed
560 1430 691 1509 menti
717 1447 848 1536 atque
876 1426 1014 1506 animo
1039 1423 1350 1533 multomagis:

356 1604 452 1657 nam
476 1575 581 1657 haec
606 1603 779 1684 quoque
800 1575 882 1654 nisi
907 1594 1112 1682 tanquam
1138 1570 1288 1651 lumini
1309 1599 1354 1650 o-

357 1725 472 1808 leum
495 1725 700 1820 instillas,
726 1725 1039 1835 extinguuntur
1058 1738 1277 1801 senectute
1287 1713 1352 1795 (¹).

361 1871 470 1953 Cum
498 1902 599 1956 vero
634 1873 686 1952 ad
713 1901 808 1952 eum
835 1899 959 1980 saepe
985 1871 1149 1952 veniret
1182 1865 1357 1949 Franci-

359 2045 451 2099 scus
478 2017 783 2116 Caesariensis,
807 2017 931 2098 modo
968 2015 1134 2125 aliquid
1167 2016 1219 2096 de
1245 2015 1356 2096 anti·

358 2171 528 2284 quitata
548 2169 602 2248 ab
622 2169 713 2278 ipso
732 2166 1004 2275 requirebat,
1023 2165 1146 2246 modo
1168 2146 1355 2274 aliquam

305 2343 309 2346 ·
359 2318 654 2424 quaestionem
679 2318 889 2426 poeticam
915 2307 984 2426 (et
1007 2317 1167 2425 poesim
1186 2312 1359 2422 quidem

360 2491 443 2545 non
469 2463 603 2543 solum
628 2466 807 2558 amavit,
827 2463 898 2542 sed
918 2464 1048 2542 etiam
1072 2453 1234 2570 coluit)
1260 2455 1358 2540 affe-

414 2817 460 2896 (1)
485 2825 612 2879 Extant
633 2823 764 2879 litterae
788 2823 878 2879 illius
896 2819 989 2896 (Sen.
1008 2819 1076 2878 Lib.
1097 2821 1184 2878 XIII.
1206 2823 1262 2897 Ep.
1279 2821 1362 2898 vu.)

359 2919 404 2978 ad
427 2923 633 2982 Mastiacum
658 2927 801 3002 Longam
826 2923 1098 2982 Archidiacortum
1125 2923 1361 2989 Laodienssm,

361 3025 474 3100 quibus
491 3042 560 3082 eam
572 3026 611 3084 de
627 3041 694 3086 toto
709 3030 796 3086 virae
812 3045 892 3086 saae
907 3041 998 3086 statu
1009 3027 1175 3092 certiorem
1183 3023 1291 3100 facit.
1308 3029 1364 3084 Ce-

361 3139 432 3183 tera
448 3128 615 3186 interait:
632 3133 733 3206 Lego,
750 3127 875 3196 scribo,
890 3128 1014 3205 cogito,
1030 3126 1110 3185 hacc
1121 3126 1210 3195 vita,
1227 3123 1306 3185 haee
1317 3127 1369 3185 de·

360 3225 494 3286 lectatio
510 3241 640 3288 marest
651 3269 660 3298 ‚
671 3249 754 3307 quse
770 3229 853 3287 mihi
867 3249 993 3306 semper
1007 3228 1050 3287 ab
1064 3229 1281 3288 adolescentia
1294 3250 1365 3290 mea

362 3328 442 3388 ruit.
458 3330 576 3388 Mirum
592 3341 661 3388 tem
677 3331 744 3408 iugi
760 3331 889 3402 studio,
904 3343 971 3390 tam
988 3349 1093 3408 pauca
1108 3344 1201 3392 tanto
1226 3335 1260 3390 in
1285 3345 1368 3392 tem·

360 3453 438 3512 pore
455 3433 624 3493 didicisse.
648 3437 693 3492 De
717 3433 843 3511 reliqua
867 3446 977 3492 autem
994 3432 1078 3492 nulli
1093 3431 1264 3495 hominum
1279 3438 1365 3498 invi-

362 3535 438 3608 deo,
452 3535 580 3595 nullum
591 3535 664 3606 odi,
679 3537 808 3614 etquod
823 3549 901 3595 aute
915 3536 1137 3616 longissimum
1148 3551 1277 3617 tempus
1292 3539 1367 3597 scri·

361 3639 432 3716 psi,
450 3639 578 3707 nullum
595 3640 757 3718 despicio,
773 3640 837 3698 nisi
860 3659 930 3710 me,
954 3660 1040 3700 nunc
1063 3639 1184 3702 multos
1200 3641 1363 3720 despicio,

361 3742 504 3820 primum
520 3763 586 3800 me.
603 3745 677 3802 Fuit
689 3744 790 3822 igitur
805 3744 913 3822 prima
924 3753 1014 3838 aetqs
1029 3744 1111 3802 mihi
1125 3755 1252 3803 tumore
1263 3755 1361 3820 atque

362 3857 471 3901 ersore
486 3845 623 3904 iuvenili
633 3847 854 3925 contemptrix
872 3849 1017 3906 omnium
1037 3859 1168 3924 praeter
1193 3867 1243 3918 se,
1259 3847 1365 3906 media
1474 3873 1478 3880 ²

362 3955 473 4002 autem
492 3947 656 4022 gravitate
672 3949 764 4008 virili
779 3951 828 4010 sui
849 3949 948 4010 solius
962 3952 1202 4029 contemptrix,
1221 3951 1300 4010 haec
1317 3951 1364 4010 ul·

363 4047 445 4103 tima
467 4044 622 4108 libertate
646 4051 763 4124 senili,
779 4067 812 4112 et
833 4056 883 4114 sui
907 4055 1007 4135 ipsius
1023 4069 1100 4116 ante
1116 4055 1216 4127 alios,
1232 4068 1265 4114 et
1280 4076 1361 4135 pene

363 4149 525 4218 omnium,
542 4149 605 4209 uisi
619 4170 699 4227 quos
716 4154 822 4215 virtus
838 4157 926 4218 clara
942 4163 1145 4240 contemptui
1161 4159 1294 4226 eximin
1310 4179 1363 4218 ra·

366 4269 438 4308 rum
455 4269 570 4327 genus.
1098 4265 1104 4272 “
