4260 5826
799 643 912 738 '125

357 835 509 914 minem
543 860 629 914 esse
665 835 710 912 in
737 829 1000 942 provinciam
1028 827 1245 936 delapsum
1275 853 1351 934 pu-

362 1001 519 1062 tarent.

786 1234 932 1306 XXX.

441 1415 513 1504 Vt.
534 1419 625 1498 eius
651 1419 860 1530 virtutes,
885 1445 997 1526 quae
1030 1417 1076 1496 in
1101 1415 1274 1496 auribus
1307 1443 1358 1496 o-

360 1567 521 1646 mnium
544 1567 737 1677 gentium
761 1593 810 1645 ac
841 1565 1065 1646 nationum
1093 1583 1215 1644 erant
1242 1565 1358 1671 posi-

360 1731 452 1808 tae,
471 1715 517 1794 in
541 1713 677 1794 oculis
702 1741 876 1822 quoque
899 1731 1170 1794 versarentur
1197 1711 1361 1820 amplis·

361 1889 454 1940 mae
474 1860 619 1957 ⁴urbis,
645 1857 872 1942 Galeatius
904 1861 1091 1973 legatum
1109 1887 1213 1978 eum
1246 1860 1359 1939 misit

363 2007 417 2088 ad
438 2005 639 2090 Ioannem
654 2005 878 2090 Gallorum
899 2006 1135 2119 Regem,ut
1152 2006 1254 2086 huic
1274 2035 1363 2120 gra·

360 2153 575 2238 tularetur
599 2156 652 2236 de
677 2177 930 2267 recuperato
955 2184 1107 2267 regno,
1132 2155 1273 2263 deque
1299 2183 1362 2232 re-

362 2325 567 2414 cuperata
592 2303 819 2400 libertate,
845 2332 974 2412 quam
1000 2305 1043 2385 vi
1068 2301 1173 2382 belli
1198 2305 1363 2413 impru-

362 2449 604 2540 dentissime
620 2449 674 2530 ab
685 2471 743 2528 ‘eo
766 2450 964 2532 adversus
984 2449 1214 2540 Britannos
1232 2477 1364 2530 susce·

362 2599 430 2707 pti
448 2618 490 2678 et
510 2595 796 2677 infelicissime
818 2595 1000 2678 confecti
1019 2596 1233 2678 amiserat.
1254 2595 1362 2678 Cum

363 2741 610 2824 Franciscus
637 2745 720 2826 iter
739 2772 815 2853 per
835 2773 954 2856 agros
977 2765 1019 2826 et
1045 2745 1170 2826 urbes
1188 2745 1365 2840 faceret„

363 2918 468 2998 quas
487 2891 587 2974 olim
608 2891 919 2972 florentissimas
938 2892 1183 2988 viderat‚et
1204 2895 1248 2974 in
1268 2895 1363 3000 qui·

361 3037 552 3118 bustum
571 3042 745 3120 vastitas
765 3060 807 3120 et
827 3038 1013 3121 solitudo
1035 3061 1149 3136 erat,
1166 3061 1208 3122 et
1229 3043 1362 3151 ipsam

367 3182 623 3266 Parisiorum
648 3186 798 3268 urbem
833 3187 1112 3267 deformatam
1145 3190 1363 3296 conspice·-

368 3352 454 3430 ret‚
479 3361 565 3414 non
599 3335 742 3441 potuit
769 3361 856 3414 non
891 3331 1065 3415 horrere
1090 3333 1361 3434 bellimala,

366 3501 409 3560 et
435 3509 520 3562 non
545 3480 749 3561 detestari
784 3482 1012 3590 improvidi
1038 3501 1081 3562 et
1108 3482 1360 3594 negligentis

365 3623 490 3738 Regis
526 3625 725 3709 consilia.
763 3626 857 3708 Hoc
883 3657 1014 3710 unum
1047 3628 1291 3712 laudaveris
1317 3633 1361 3712 in

365 3801 439 3868 eo,
459 3777 635 3884 eiusque
653 3773 741 3856 filio
766 3798 873 3856 natu
892 3777 1050 3868 maiore
1075 3773 1252 3874 Carolo,
1268 3781 1361 3886 qui,

367 3921 540 4002 ahsente
559 3943 701 4031 patre,
720 3923 887 4006 clavum
907 3927 1018 4006 tanti
1036 3926 1203 4034 imperii
1222 3928 1280 4006 sic
1300 3945 1360 4007 te-
1482 3905 1483 3910 Ν

366 4090 518 4150 nuerat
533 4127 545 4164 ,
563 4091 611 4152 ut
632 4071 741 4152 illud
767 4072 918 4181 populi
945 4093 1197 4184 tempestate
1223 4075 1362 4157 iacta-

367 4216 403 4300 ti
431 4216 578 4298 siverit
609 4240 652 4336 et
679 4215 903 4316 fluctibus,
928 4222 1044 4329 quod
1070 4221 1359 4306 intellexerint

398 4355 414 4392 4
