4260 5826
793 659 914 762 147

360 853 596 959 inquirenti
634 849 677 930 in
709 848 902 928 omnibus
929 841 1196 956 regionibus,
1225 860 1353 946 atque

359 1003 404 1078 in
429 999 606 1078 latebris
632 997 881 1106 praesertim
905 992 1280 1084 monasteriorum,
1301 987 1357 1066 fa-

361 1148 424 1226 vit
451 1146 643 1238 fortuna,
670 1143 868 1225 faverunt
895 1161 939 1220 et
965 1135 1112 1232 anrici3
1139 1133 1266 1242 seque
1286 1163 1360 1214 su-

361 1319 528 1403 perasse
552 1291 748 1372 Crassum
768 1287 1147 1397 divitiisp‘utavit,
1172 1310 1267 1365 cum
1282 1282 1360 1362 Ve-

363 1444 490 1520 ron'ae
515 1439 747 1521 invenisset
766 1431 985 1516 Ciceronis¹
1012 1427 1216 1542 epistolas
1231 1432 1283 1510 acl
1304 1423 1361 1509 sa'·

361 1587 565 1682 miliares,
578 1582 731 1667 Leodii
752 1585 874 1664 birias
890 1583 1124 1676 orationes,
1141 1602 1184 1661 et
1207 1607 1293 1688 quo
1310 1579 1364 1658 lo·

364 1759 412 1813 co
432 1737 573 1814 nescio
595 1733 782 1813 eiusdem
801 1731 853 1810 de
872 1728 1022 1810 Gloria
1043 1729 1219 1824 librum,
1237 1755 1363 1836 quem

364 1883 671 1963 commodatum
684 1879 982 1962 Convenevolo
996 1879 1263 1990 praeceptori
1281 1868 1362 1955 mass

365 2031 446 2140 gno
482 2059 576 2109 curn
613 2030 676 2108 sui
713 2026 859 2106 dolore
897 2053 1148 2134 recuperare
1171 2019 1365 2134 ¹amplius

365 2205 451 2255 non
475 2178 642 2286 potuit,
662 2195 705 2257 et
731 2205 756 2254 a
774 2173 894 2284 Lapo
919 2204 944 2254 a
964 2171 1271 2255 Castilioncbio
1290 2171 1365 2251 ba-

366 2327 459 2401 rum
485 2325 625 2404 rerum
644 2325 891 2432 inquisitori
913 2321 1236 2435 diligentissimo
1259 2322 1368 2401 obti-

367 2472 528 2550 nuisset
555 2471 743 2550 codicem
768 2473 956 2550 omnium
986 2473 1116 2578 ipsius
1146 2467 1364 2548 Ciceronis

369 2620 633 2714 orationum,
658 2638 700 2697 et
725 2615 782 2696 M.
807 2615 932 2696 Fabii
956 2614 1219 2716 Quintiliani
1247 2607 1370 2695 Instiss

368 2765 557 2845 tutiones
585 2763 825 2844 Oratorias.
856 2763 972 2865 Quid
1003 2793 1087 2844 non
1120 2767 1229 2875 egit,
1249 2785 1296 2843 ut
1328 2793 1373 2844 a·

368 2913 510 2993 missos
530 2911 733 2994 Varronis
751 2909 820 3008 (¹),
847 2911 988 3009 Livii,
1015 2912 1144 2991 Plinii
1166 2907 1373 2993 'aliorum-

371 3085 456 3165 que
486 3081 680 3142 veterum
717 3057 1001 3142 Romanorum
1036 3045 1168 3140 libros
1202 3053 1374 3142 inveni-

369 3213 437 3285 'ret
449 3263 462 3300 ‚
475 3227 612 3315 utque
629 3237 736 3318 quos
753 3213 975 3294 invenerat
992 3201 1249 3306 illustraret,
1267 3238 1376 3289 men·

373 3353 438 3432 dis
473 3353 746 3437 librariorum
783 3355 1016 3470 purgaret,
1053 3348 1373 3465 asservaretque

372 3528 457 3579 non
484 3505 550 3581 sui
572 3505 734 3600 modo,
759 3506 830 3584 sed
866 3527 931 3602 et,
958 3507 991 3584 si
1022 3504 1114 3585 fieri
1140 3495 1372 3615 potuisset,

373 3653 789 3704 comm
813 3651 819 3660 ¹
844 3686 846 3688 .
909 3711 912 3718 Ι
1048 3649 1052 3658 ’
1136 3681 1374 3706 mucce·

437 3755 482 3832 (r)
500 3762 606 3818 Huius
624 3763 772 3822 librosde
786 3747 938 3824 humanis
955 3765 1118 3826 ordirinr's
1135 3765 1226 3824 rebus
1237 3781 1285 3834 se,
1301 3763 1377 3820 dum

377 3871 449 3914 erat
471 3863 507 3918 in
526 3867 697 3939 pueritia,
719 3867 838 3926 vidisse
863 3881 893 3926 et
910 3867 1041 3944 frustra
1056 3881 1176 3946 postea
1198 3867 1379 3945 quaesiisse

377 3975 539 4020 testatur.
555 3963 653 4024 senil.
672 3966 739 4024 Lib.
756 3971 813 4026 111.
826 3973 883 4047 Ep.
900 3989 945 4030 rx.
965 3970 1054 4045 Quod
1071 3971 1115 4029 ad
1125 3973 1213 4031 Liuii
1230 3969 1381 4028 Decedet

373 4069 534 4142 pertinet,
557 4081 621 4126 tres
645 4070 871 4130 tantummodo
892 4071 955 4131 itta
978 4087 1092 4134 aetate
1107 4074 1288 4144 extabant,
1303 4073 1379 4150 pri·-

377 4183 451 4238 ma,
467 4173 567 4228 tertia
583 4186 615 4230 er
629 4189 749 4250 quarta
759 4211 770 4246 ,
786 4176 933 4254 nullique
954 4178 1059 4236 labori
1081 4179 1231 4256 pepercit
1246 4181 1380 4234 Perrar-

380 4267 441 4327 cbo
450 4309 462 4342 ,
478 4287 514 4331 ur
529 4274 705 4335 secundam
721 4279 835 4337 scirem
849 4281 1025 4343 insaniret.
