4184 5806
1239 603 1308 692 16

763 803 1081 893 ‚Novesiorun
1122 799 1230 879 Cum
1258 821 1363 880 esset
1394 803 1439 879 in
1469 803 1617 881 aetatis
1645 800 1771 897 llore,

780 953 952 1032 biennio
979 973 1102 1030 antea
1126 971 1261 1058 nupta
1281 950 1419 1030 fuerat
1437 947 1608 1060 Hugoni
1630 943 1775 1044 Sadio,

741 1181 743 1188 ,
776 1103 856 1209 ipsi
891 1125 1061 1206 quoque
1095 1124 1294 1207 generosa
1323 1099 1454 1205 stirpe
1486 1121 1600 1194 orto,
1627 1099 1702 1205 qui
1732 1125 1773 1174 se

779 1249 950 1326 beatum
969 1245 1175 1356 putabat,
1195 1246 1309 1352 quod
1340 1244 1507 1324 saeculo
1527 1247 1684 1326 virtutiv
1701 1245 1778 1322 ini·

776 1394 882 1472 mico
915 1394 1135 1503 coniugem
1167 1395 1393 1474 invenisset
1420 1394 1477 1470 sic
1511 1393 1771 1484 institutam,

776 1558 823 1618 ut
838 1537 900 1617 nil
916 1559 1000 1619 tarn
1017 1538 1166 1617 decere
1180 1539 1364 1618 nobilem
1381 1538 1578 1617 feminam
1596 1539 1774 1617 arbitra-

775 1707 916 1782 retur,
943 1715 1070 1794 quam
1097 1689 1151 1765 ab
1176 1689 1288 1765 omni
1314 1687 1649 1765 incontinentiae
1675 1685 1771 1764 labe

775 1861 861 1912 esse
887 1835 1131 1913 immunem,
1154 1831 1440 1912 Cruciabatur
1463 1826 1628 1913 interea
1644 1829 1774 1912 Fran-

777 1981 910 2059 ciscus
934 1982 1093 2060 intimis
1121 1982 1330 2076 sensibus,
1355 2004 1403 2061 ut
1440 2009 1480 2060 se
1509 1983 1581 2062 vix
1607 1981 1773 2058 misere·

775 2155 858 2234 que
885 2147 1154 2222 sustentaret,
1181 2155 1361 2234 cumque
1388 2125 1450 2205 nil
1476 2127 1616 2235 potius
1640 2124 1770 2204 habe-

776 2297 863 2369 ret,
890 2303 1016 2381 quam
1035 2296 1083 2355 ut
1107 2274 1393 2372 declaratione
1420 2277 1548 2354 animi
1574 2275 1636 2352 sui
1662 2275 1770 2353 invi-

776 2440 883 2500 taret
918 2450 1031 2520 eam,
1056 2449 1184 2530 quam
1217 2423 1463 2531 deperibat,
1499 2421 1552 2499 ad
1586 2448 1627 2499 se
1653 2419 1772 2498 reda-

772 2570 992 2666 mandum,
1012 2571 1081 2652 vel
1106 2569 1251 2654 saltem
1279 2571 1422 2677 aliquo
1446 2569 1600 2648 solatio·
1614 2567 1768 2648 leniret

773 2718 958 2798 dolorem
983 2748 1125 2816 suum,
1157 2719 1328 2798 Italicas
1363 2744 1497 2796 musas
1529 2716 1768 2810 invocavit,

773 2894 884 2972 quae
909 2869 1012 2972 quia
1037 2888 1125 2945 tum
1151 2865 1276 2944 rudes
1309 2884 1431 2944 erant
1457 2883 1501 2942 et
1525 2861 1767 2971 impolitae,

775 3041 815 3092 se
840 3016 1104 3125 iis'magnum
1131 3034 1172 3094 et
1192 3041 1359 3122 prorsus
1383 3039 1538 3094 novum
1557 3038 1769 3091 ornamen*

774 3181 863 3241 tum
890 3160 1116 3243 allaturum
1142 3165 1346 3271 speravit.
1375 3161 1537 3241 Satisne
1563 3161 1632 3254 id,
1652 3157 1767 3265 quod

773 3307 964 3405 volebat,
983 3310 1118 3422 lyrica
1138 3332 1266 3420 atque
1288 3311 1490 3390 amatoria
1508 3311 1554 3388 in
1573 3309 1689 3419 poesi
1709 3305 1767 3384 ef*

773 3453 938 3549 fecerit,
964 3484 1085 3537 nemo
1104 3471 1188 3538 non
1213 3459 1337 3539 facile
1362 3459 1589 3538 iudicabit.
1611 3453 1765 3534 Omnes

774 3605 887 3710 apud
911 3603 1024 3683 hunc
1051 3608 1190 3686 ornati
1223 3605 1517 3714 elaboratique
1545 3625 1641 3682 sunt
1666 3631 1765 3684 ver-

771 3774 861 3840 sus,
890 3751 922 3827 si
951 3779 1013 3829 res
1039 3755 1196 3860 poscit,
1226 3752 1422 3832 mollibus
1446 3752 1655 3848 duriores,
1681 3752 1765 3832 fer·
1840 3807 1844 3818 ,

771 3893 1006 3974 vidioribus
1033 3919 1160 4005 atque
1193 3902 1532 3981 commotioribus
1562 3920 1767 4009 tempera-

772 4041 897 4121 tiores
938 4045 1192 4143 succedunt‚
1225 4069 1274 4130 ut
1308 4052 1443 4131 varios
1482 4045 1764 4156 aequabiliter
1877 4063 1878 4066 ‘

772 4211 1018 4287 concentus,
1044 4222 1128 4274 non
1160 4221 1275 4276 secus
1306 4225 1353 4277 ac
1379 4199 1422 4276 in
1446 4199 1613 4276 musicis
1638 4212 1764 4272 acuta
