4254 5824
821 639 893 730 6]

364 863 494 916 unum
519 861 571 916 ex
596 839 763 916 summis
787 839 889 918 viris
923 838 1199 922 iudicaverit.
1233 839 1354 922 Mul*
1454 813 1456 819 Α

361 986 417 1064 tis
448 983 548 1064 huic
584 984 828 1064 nominibus
860 1007 950 1064 erat
984 987 1238 1084 obstrictus,
1263 1017 1354 1068 ma-

361 1133 630 1240 gnitudinem
654 1133 783 1213 animi
808 1130 924 1212 illius
949 1161 1110 1244 semper
1134 1159 1195 1218 est
1222 1137 1354 1216 admi-

362 1289 750 1390 ratus'semperque
787 1283 967 1376 amarit,
993 1311 1126 1389 quare
1153 1313 1275 1379 eum,
1301 1313 1353 1364 ex

362 1437 447 1537 quo
474 1427 692 1512 Avenionc
722 1431 843 1512 novit
853 1441 871 1524 ,'
891 1455 1050 1509 summa
1081 1457 1257 1541 semper¹
1273 1433 1353 1512 ob-

361 1580 576 1660 servantia
599 1576 757 1673 coluit,
783 1603 860 1656 nec
887 1577 1099 1659 recusavit
1137 1605 1232 1658 cum
1262 1583 1352 1689 ipso

357 1745 402 1805 et
421 1721 654 1806 Guillelmo
673 1753 697 1806 a
716 1721 945 1834 Pastrengo
964 1751 1152 1806 caussam
1178 1729 1291 1808 tucri
1314 1755 1356 1808 a·

358 1871 447 1982 pud
476 1871 714 1952 Romanurn
745 1869 992 1952 Pontificem
1012 1855 1192 1954 Mastini
1214 1903 1238 1958 a
1257 1871 1356 1956 Sca-

363 2018 408 2100 la
429 2017 631 2102 adversus
656 2015 895 2100 Mamilium
921 2017 973 2098 de
994 2016 1179 2114 Rubeis,
1207 2023 1283 2128 qui
1310 2049 1352 2102 se

362 2167 489 2246 abeo
515 2168 701 2246 eiectum
727 2161 872 2258 domo,
895 2187 1027 2272 atque
1057 2164 1277 2274 expulsum
1304 2195 1355 2248 ex

360 2316 445 2392 s'uis
478 2313 602 2404 bonis
635 2333 677 2394 et
704 2313 873 2421 patriae
899 2309 1121 2394 dominatu
1145 2314 1354 2422 quereba-

358 2481 428 2540 tur
457 2457 524 2540 (¹).

360 3009 538 3033 “w
542 3008 1352 3034 OOWQCWWOOOW

419 3113 463 3190 (1)
482 3117 585 3171 Extat
600 3113 797 3172 Petrarchae
814 3117 955 3192 epistola
971 3113 1015 3172 od
1032 3115 1225 3193 Hugolinam
1240 3115 1280 3171 cle
1295 3119 1356 3173 Ru-

356 3199 423 3273 bris
439 3220 579 3274 Parmae
606 3219 821 3293 Episcopum,
843 3230 876 3276 el
898 3207 1045 3276 Marsilii
1058 3215 1221 3290 fratrem,
1235 3236 1300 3294 quo
1317 3237 1355 3274 a·

355 3321 517 3378 micitiom
534 3333 670 3376 excusat
679 3356 690 3389 ,
705 3318 789 3396 quod
805 3321 928 3376 Azzoni
954 3333 985 3377 et
1006 3321 1153 3377 Mastino
1175 3318 1353 3378 advocatus

348 3423 469 3498 fuerit.
483 3425 610 3499 Magna
620 3435 687 3478 turn
698 3421 770 3496 fuir
786 3419 965 3479 admiratio
981 3423 1109 3498 copiose
1125 3423 1355 3499 sapienterque

353 3525 510 3590 dicentis,
523 3542 564 3582 ac
576 3527 623 3582 sic
634 3521 759 3580 dixisse
772 3539 805 3579 se
813 3523 1031 3599 gloriabatur,
1041 3536 1078 3581 ut
1092 3505 1214 3580 nemini
1231 3523 1353 3580 iustam

354 3627 537 3707 offensionis
559 3643 711 3686 caussam
734 3623 875 3684 dederit.
900 3629 1046 3682 Ceterum
1067 3641 1151 3701 quae
1172 3623 1349 3682 Perrarclra

353 3749 416 3790 non
431 3747 494 3788 uno
510 3735 544 3788 in
558 3733 626 3788 loco
636 3731 828 3806 scriptorum
844 3747 971 3787 suorum
986 3728 1025 3786 de
1037 3733 1164 3785 Azzone
1180 3732 1351 3786 memoriae

355 3829 525 3890 mondavit
534 3871 544 3903 ‚
559 3832 699 3908 probant
716 3849 748 3888 se
763 3834 874 3890 omnia
890 3849 961 3888 cum
976 3831 1035 3889 illo
1050 3831 1201 3889 habuisse
1217 3845 1352 3887 commu·

356 3937 439 4005 nia,
461 3935 648 4012 nullamque
670 3953 812 4012 unquam
828 3933 937 4012 faisse
961 3936 1211 3994 coniunctiorem
1233 3933 1354 3990 amici-

355 4038 457 4092 tiam.
479 4033 549 4094 Vll.
572 4035 649 4092 aad.
671 4035 816 4092 Memoir.
839 4034 878 4091 de
901 4039 1022 4094 Petrae.
1046 4038 1134 4093 Tam.
1151 4038 1208 4094 111.
1223 4053 1255 4110 p·
1270 4030 1345 4106 488.

361 4135 442 4194 Vide
456 4137 558 4193 etiam
575 4135 815 4194 Tiraboschium
824 4173 835 4208 ‚
850 4141 939 4196 Tora.
950 4141 986 4196 V.
1002 4155 1074 4214 cap.
1087 4139 1126 4194 Il.
1143 4138 1247 4194 storia
1262 4133 1347 4190 della

354 4233 497 4296 letterat.
512 4235 584 4300 ital.
