4180 5796
786 852 880 904 cum
905 821 1116 914 rediisset,
1138 819 1191 898 ad
1211 819 1625 928 pristinamquoque
1649 822 1781 904 rediit

784 991 988 1063 mentem,
1008 997 1057 1048 ac
1083 967 1251 1048 demum
1280 970 1488 1048 amentiae
1518 995 1621 1048 suae
1645 992 1780 1052 morte

782 1147 962 1229 poenam
987 1115 1214 1225 persolvit,
1240 1119 1396 1224 quain
1416 1146 1460 1196 re
1480 1121 1639 1200 enituit
1664 1147 1781 1227 prae-

785 1271 926 1371 sertim
946 1265 1149 1374 Stephani
1169 1265 1284 1346 illius
1304 1264 1538 1374 Columnae
1558 1269 1716 1362 virtus,
1733 1268 1780 1346 in

783 1418 903 1496 ouius
938 1415 1066 1494 laude
1101 1413 1283 1494 fractum
1316 1412 1601 1495 Romanorum
1625 1441 1778 1496 nomen

783 1552 864 1642 niti
890 1561 1126 1642 affirmabat
1151 1559 1401 1642 Petrarcha.

1194 1817 1369 1890 XXIV.

855 2002 1039 2086 Omnino
1058 2001 1129 2082 hic
1148 2001 1348 2086 voluisset
1365 2001 1493 2086 saluti
1514 2002 1666 2086 Italiae
1685 2033 1780 2084 con·

780 2154 943 2249 sulere,
968 2153 1078 2236 illud
1104 2151 1322 2234 Ciceronis
1347 2153 1510 2236 dictum
1542 2131 1774 2262 usurpans:

782 2307 969 2388 omnium
986 2304 1238 2383 societatum
1257 2300 1378 2387 nulla
1393 2321 1455 2382 est
1467 2300 1639 2381 charior
1650 2328 1780 2408 quam

784 2481 857 2547 ea,
882 2480 991 2559 quae
1019 2477 1115 2532 cum
1151 2449 1393 2562 Republica
1417 2471 1500 2531 est:
1537 2447 1656 2530 chari
1680 2469 1780 2529 tunt

784 2620 1005 2709 parentes,
1028 2597 1148 2678 chari
1184 2599 1341 2691 liberi,
1370 2599 1629 2704 propinqui,
1657 2596 1781 2674 fami-

747 2815 753 2820 .
781 2745 930 2842 lieres,
956 2745 1028 2826 sed
1062 2773 1205 2826 omnes
1241 2745 1426 2824 omnium
1451 2744 1682 2856 charitates
1700 2772 1781 2852 ipa-

782 2897 869 2977 tria
880 2924 966 2976 una
983 2892 1203 3003 complexa
1220 2887 1349 2972 est(¹).
1363 2887 1640 2998 intelligebat
1652 2917 1781 2996 quarn

784 3040 1003 3152 scopuloso
1022 3043 1067 3118 in
1082 3039 1179 3120 loco
1191 3061 1432 3120 versaretur
1444 3036 1661 3120 Avenione
1675 3065 1780 3120 eom·

784 3213 974 3283 morans;
998 3215 1133 3295 quare
1152 3189 1289 3297 specie
1313 3187 1545 3296 capiendae
1565 3191 1789 3298 possessio·

783 3338 848 3418 nis
866 3336 1141 3418 canonicatus
1161 3331 1415 3428 Parmensis,
1430 3362 1519 3441 quo
1540 3363 1564 3414 a
1583 3331 1780 3414 Clemen-

785 3505 828 3568 te
852 3482 913 3564 VI
948 3505 1097 3566 auctus
1130 3483 1294 3581 fuerat,
1329 3482 1382 3561 ab
1417 3481 1494 3561 illa
1527 3482 1633 3560 urbe
1669 3463 1780 3560 anno

786 3657 1014 3720 noocxnvt
1040 3635 1246 3714 discessit.
1272 3631 1495 3740 Quotquot
1522 3631 1667 3710 invisit
1690 3625 1780 3710 Ita-

786 3781 846 3860 los
864 3779 1068 3894 Regulos,
1089 3777 1352 3876 Parmenses,
1364 3775 1781 3872 Veronenses,Man-

789 3933 933 4025 tuani,
959 3927 1267 4023 Ferrarienses,
1296 3926 1528 4036 Carpenses
1553 3925 1782 4039 singulari-

787 4175 1104 4198 Μ
1449 4171 1779 4198 ”W

849 4257 895 4334 (r)
912 4257 982 4315 Sed.
999 4259 1082 4318 Piso·
1096 4263 1171 4338 just.
1188 4279 1218 4315 n.
1236 4259 1283 4316 28.
1300 4263 1389 4318 Tom.
1405 4261 1462 4318 ΙΙΙ.
