4180 5796
1216 641 1332 716 102

781 823 881 903 dum
908 820 1133 916 veniebat,
1157 843 1265 930 quot
1290 821 1625 918 domos‚urbes‚
1651 851 1770 935 agros

779 997 931 1050 vacuos
948 969 1287 1066 habitatoribus,
1301 994 1343 1054 et
1363 999 1531 1080 campos
1551 975 1661 1082 ipsos
1679 998 1772 1052 con-

778 1117 963 1198 tinendis
989 1117 1269 1199 cadaveribus
1293 1122 1415 1199 nimis
1435 1141 1631 1232 angustos
1647 1119 1772 1200 vide·-
1817 1225 1819 1230 Ι

778 1267 857 1358 rit,
885 1268 945 1345 sic
969 1287 1018 1346 ut

843 1474 1173 1491 ..........
1201 1410 1379 1492 caldelis
1406 1410 1548 1522 ubique

832 1555 1013 1647 Luctus,
1033 1557 1176 1668 ubique
1200 1587 1334 1670 pavor
1357 1579 1397 1638 et
1415 1559 1603 1671 plurimo
1633 1560 1770 1636 mortis

952 1711 1087 1817 imago

779 1873 947 1963 cogeret
972 1881 1014 1932 se
1049 1853 1180 1963 ipsius
1205 1855 1320 1934 vitae
1347 1853 1541 1947 taedere,
1567 1853 1622 1931 ab
1656 1853 1769 1930 omni

778 2003 1010 2109 scriptione
1035 2029 1217 2098 cessare,
1235 2022 1279 2083 et
1304 2002 1379 2081 diu
1402 2021 1619 2110 noctuque
1643 2003 1689 2077 in
1708 1999 1773 2076 lu-

777 2167 852 2228 ctu
885 2151 1044 2229 iacere.
1081 2145 1181 2228 Non
1207 2152 1306 2231 sivit
1332 2171 1473 2230 tamen
1498 2177 1540 2228 se
1567 2169 1771 2252 tanquam

777 2293 1000 2390 lluctu‚sic
1018 2295 1310 2408 magnitudine
1330 2297 1487 2378 doloris
1506 2293 1770 2399 obrui‚quin

778 2466 894 2520 suam
912 2463 1117 2538 mentem,
1137 2471 1302 2540 curam,
1323 2446 1625 2555 cogitationem
1641 2461 1686 2518 et
1705 2463 1773 2516 ex»

777 2588 1003 2670 callentem
1028 2593 1221 2672 omnibus
1247 2596 1293 2672 in
1323 2593 1448 2670 rebus
1480 2591 1619 2670 laudis
1647 2588 1773 2694 cupi-

776 2735 955 2817 ditatem
984 2741 1184 2819 incitaret
1212 2739 1266 2818 ad
1291 2737 1595 2817 consulendum
1620 2733 1772 2812 Italiae

778 2883 925 2963 saluti.
962 2883 1094 2966 Dedit
1127 2890 1276 2993 itaque
1311 2886 1477 2964 litteras
1501 2883 1662 2990 magnis
1687 2877 1775 2955 elo·

777 3031 981 3133 quentiae
993 3030 1226 3110 luminibus
1245 3052 1413 3110 ornatas
1433 3029 1486 3108 ad
1501 3025 1702 3105 Catulum
1714 3019 1774 3102 IV

776 3169 1026 3270 Caesarem,
1046 3177 1203 3283 quibus
1222 3203 1318 3256 eum
1337 3175 1610 3257 vehementer
1626 3171 1774 3252 horta-

778 3315 908 3399 batur
933 3321 987 3400 ad
1004 3321 1352 3431 proficiscendum
1370 3325 1416 3401 in
1439 3321 1631 3415 Italiam,
1646 3317 1774 3395 hanc·

778 3492 864 3573 que
890 3468 1102 3576 perditam
1133 3472 1310 3550 miseriis
1344 3469 1587 3552 levandam.
1623 3461 1776 3568 Neque

778 3611 884 3690 haec
903 3618 1040 3695 oratio
1060 3617 1143 3697 fnit
1162 3615 1424 3710 huiusmodi,
1444 3635 1494 3693 ut
1514 3609 1774 3719 aliquidaut

777 3761 897 3857 ficte,
925 3785 999 3842 aut
1026 3763 1242 3857 simulate,
1269 3785 1344 3842 aut
1372 3761 1645 3841 assentatorie
1670 3783 1773 3866 pro-
1809 3817 1813 3826 .

779 3911 899 4016 priae
923 3907 1128 3990 utilitatis
1153 3937 1300 3989 caussa
1324 3910 1487 3990 dictum
1506 3907 1633 3986 fuisse
1655 3902 1773 3981 iudi-

781 4059 868 4164 cari
894 4059 1111 4166 potuerit3
1142 4059 1275 4167 spirat
1299 4060 1412 4137 enim
1437 4055 1549 4136 omni
1575 4079 1627 4132 ex
1651 4067 1771 4160 parte

784 4205 968 4285 animum
994 4207 1223 4285 communis
1247 4207 1348 4286 boni
1375 4204 1578 4312 pacisque
1605 4194 1774 4277 deside-
