4180 5796
757 671 868 766 103

316 853 380 934 rio
407 875 696 949 aestuantem,
715 881 854 936 morae
880 855 1196 964 impatientem,
1220 883 1316 963 per·

317 1000 638 1082 turbationibus
671 1023 922 1084 commotum
959 999 1089 1096 adeo,
1116 1021 1163 1083 ut
1197 1003 1313 1111 igni·-

315 1143 433 1228 oulos
452 1147 619 1244 viriles,
641 1157 747 1256 q'ues
759 1149 810 1230 in
828 1176 870 1232 se
891 1150 983 1257 ipso
1003 1149 1213 1232 sentiebat
1226 1206 1240 1246 ,
1252 1178 1316 1230 ee·

317 1297 420 1376 teris
453 1294 579 1377 facile
614 1297 926 1378 communicare
951 1298 1178 1405 potuisset.
1216 1295 1315 1378 Vim

317 1442 491 1524 dicendi
517 1445 766 1551 praesertim
792 1441 989 1524 adhibuit
1020 1469 1117 1524 eum
1141 1442 1315 1526 Romam

315 1590 451 1698 ipsam
475 1611 870 1672 commemorantem
895 1589 1132 1674 induxisset
1162 1619 1317 1674 monu-

315 1761 459 1820 menta
478 1767 620 1818 rerum
637 1757 871 1849 gestarum,
890 1757 933 1820 et
954 1759 1144 1822 veterum
1167 1737 1317 1820 Roma-

316 1913 468 1968 norum
503 1885 719 1994 exempla,
760 1908 1160 1995 compatientemque
1199 1915 1316 1968 suam

316 2033 541 2141 ptiatinam
561 2032 774 2116 fortunam
794 2060 888 2112 cunt
914 2063 984 2129 ea,
1009 2061 1096 2141 qua
1121 2055 1211 2116 tum
1235 2039 1315 2116 mi·-

316 2179 539 2260 serandum
573 2180 620 2260 in
655 2177 825 2260 modum
864 2177 1215 2262 conflictabatur.
1263 2181 1315 2265 Se

317 2353 493 2433 quoque
519 2326 752 2408 domestica
777 2326 971 2436 exempla
997 2327 1156 2412 habere
1182 2330 1315 2431 dixit,

317 2465 427 2581 quae
447 2475 487 2552 ei
507 2493 762 2579 proponeret
784 2473 838 2552 ad
862 2475 1139 2570 imitandum,
1158 2499 1206 2560 ut
1226 2481 1318 2560 nul·

317 2619 405 2699 lem
428 2620 510 2728 ipsi
541 2621 858 2700 exeusationem
892 2619 1178 2729 relinqueret,
1204 2653 1318 2732 quo-

318 2769 457 2848 minus
476 2765 530 2846 ad
556 2785 714 2854 certam
733 2765 910 2877 gloriam
930 2768 1201 2852 obtinendam
1220 2801 1316 2882 pro-

319 2935 504 3022 peraret.
525 2912 679 2996 Parum
697 2913 803 2996 baec
821 2917 995 2996 movisse
1016 2913 1235 3002 Caesarem
1256 2925 1315 3002 vi-

318 3061 493 3156 dentur,
506 3060 621 3169 quod
639 3062 721 3142 nisi
742 3083 825 3142 tres
844 3083 939 3172 post
958 3093 1089 3150 anuos
1102 3066 1207 3148 huie
1224 3073 1315 3179 epi-

320 3207 454 3290 stolae
479 3235 722 3316 responsum
747 3208 891 3305 dedit,
912 3237 963 3291 ex
981 3239 1067 3319 quo
1085 3212 1314 3298 Petrareha

318 3357 578 3436 occasionem
598 3358 783 3466 arripuit
802 3360 987 3440 animum
1012 3359 1129 3438 illius
1148 3391 1233 3442 non
1251 3393 1313 3444 so-

318 3500 408 3584 lum
432 3502 613 3615 gloriae,
639 3503 712 3584 sed
736 3505 866 3587 etiam
885 3504 1009 3584 officii
1035 3507 1215 3588 stimulis
1233 3513 1312 3592 ite-

320 3677 412 3728 rum
437 3650 701 3730 concitandi.

740 3905 881 3983 XXV.

400 4087 580 4189 Quando
607 4087 725 4170 illam
748 4095 930 4202 priorem
955 4095 1178 4203 epistolam
1196 4093 1310 4212 (erat

320 4258 459 4317 autem
493 4263 626 4316 annus
658 4233 861 4347 neuen)
895 4245 1112 4338 exaravit,
1143 4240 1309 4327 Patavii
