<?xml version="1.0" encoding="UTF-8"?>
<!DOCTYPE html PUBLIC "-//W3C//DTD XHTML 1.0 Transitional//EN"
    "http://www.w3.org/TR/xhtml1/DTD/xhtml1-transitional.dtd">
<html xmlns="http://www.w3.org/1999/xhtml" xml:lang="en" lang="en">
 <head>
  <title>
</title>
<meta http-equiv="Content-Type" content="text/html;charset=utf-8" />
  <meta name='ocr-system' content='tesseract 3.04.00' />
  <meta name='ocr-capabilities' content='ocr_page ocr_carea ocr_par ocr_line ocrx_word'/>
</head>
<body>
  <div class='ocr_page' id='page_1' title='image "./franciscipetrar00fabrgoog_0083.png"; bbox 0 0 4254 5824; ppageno 0'>
   <div class='ocr_carea' id='block_1_1' title="bbox 1265 605 1339 696">
    <p class='ocr_par' dir='ltr' id='par_1_1' title="bbox 1265 605 1339 696">
     <span class='ocr_line' id='line_1_1' title="bbox 1265 605 1339 696; baseline 0 0"><span class='ocrx_word' id='word_1_1' title='bbox 1265 605 1339 696; x_wconf 78' lang='lat'>66</span> 
     </span>
    </p>
   </div>
   <div class='ocr_carea' id='block_1_2' title="bbox 1230 915 1378 988">
    <p class='ocr_par' dir='ltr' id='par_1_2' title="bbox 1230 915 1378 988">
     <span class='ocr_line' id='line_1_2' title="bbox 1230 915 1378 988; baseline -0.014 -2"><span class='ocrx_word' id='word_1_2' title='bbox 1230 915 1378 988; x_wconf 88' lang='lat' dir='ltr'><strong>XVII.</strong></span> 
     </span>
    </p>
   </div>
   <div class='ocr_carea' id='block_1_3' title="bbox 801 1096 1800 1954">
    <p class='ocr_par' dir='ltr' id='par_1_3' title="bbox 801 1096 1800 1954">
     <span class='ocr_line' id='line_1_3' title="bbox 876 1096 1800 1209; baseline 0.006 -31"><span class='ocrx_word' id='word_1_3' title='bbox 876 1096 985 1179; x_wconf 89' lang='lat' dir='ltr'>Cum</span> <span class='ocrx_word' id='word_1_4' title='bbox 998 1097 1102 1180; x_wconf 88' lang='lat' dir='ltr'>haec</span> <span class='ocrx_word' id='word_1_5' title='bbox 1116 1099 1338 1194; x_wconf 80' lang='lat' dir='ltr'>scriberet,</span> <span class='ocrx_word' id='word_1_6' title='bbox 1350 1104 1648 1209; x_wconf 77' lang='lat' dir='ltr'><strong>expectatione</strong></span> <span class='ocrx_word' id='word_1_7' title='bbox 1660 1130 1800 1184; x_wconf 87' lang='lat' dir='ltr'>rerum</span> 
     </span>
     <span class='ocr_line' id='line_1_4' title="bbox 804 1248 1800 1358; baseline 0.003 -31"><span class='ocrx_word' id='word_1_8' title='bbox 804 1250 1014 1328; x_wconf 86' lang='lat' dir='ltr'>bonarum</span> <span class='ocrx_word' id='word_1_9' title='bbox 1036 1248 1280 1358; x_wconf 85' lang='lat' dir='ltr'>erigebatur</span> <span class='ocrx_word' id='word_1_10' title='bbox 1295 1251 1458 1330; x_wconf 88' lang='lat' dir='ltr'>animus</span> <span class='ocrx_word' id='word_1_11' title='bbox 1478 1249 1614 1346; x_wconf 85' lang='lat' dir='ltr'>illius,</span> <span class='ocrx_word' id='word_1_12' title='bbox 1639 1280 1717 1332; x_wconf 88' lang='lat' dir='ltr'>nec</span> <span class='ocrx_word' id='word_1_13' title='bbox 1738 1279 1800 1330; x_wconf 84' lang='lat' dir='ltr'>re-</span> 
     </span>
     <span class='ocr_line' id='line_1_5' title="bbox 803 1398 1800 1508; baseline -0.002 -28"><span class='ocrx_word' id='word_1_14' title='bbox 803 1399 979 1480; x_wconf 81' lang='lat' dir='ltr'><strong>cusabat</strong></span> <span class='ocrx_word' id='word_1_15' title='bbox 999 1398 1218 1505; x_wconf 89' lang='lat' dir='ltr'>impartire</span> <span class='ocrx_word' id='word_1_16' title='bbox 1237 1399 1389 1478; x_wconf 85' lang='lat' dir='ltr'>ceteris</span> <span class='ocrx_word' id='word_1_17' title='bbox 1405 1427 1517 1508; x_wconf 89' lang='lat' dir='ltr'>quae</span> <span class='ocrx_word' id='word_1_18' title='bbox 1536 1400 1617 1479; x_wconf 86' lang='lat' dir='ltr'>sibi</span> <span class='ocrx_word' id='word_1_19' title='bbox 1639 1425 1800 1508; x_wconf 85' lang='lat' dir='ltr'>compa·</span> 
     </span>
     <span class='ocr_line' id='line_1_6' title="bbox 801 1527 1799 1629; baseline -0.001 -2"><span class='ocrx_word' id='word_1_20' title='bbox 801 1548 926 1627; x_wconf 87' lang='lat' dir='ltr'>rabat</span> <span class='ocrx_word' id='word_1_21' title='bbox 946 1543 1189 1624; x_wconf 88' lang='lat' dir='ltr'>solitudinis</span> <span class='ocrx_word' id='word_1_22' title='bbox 1209 1527 1535 1629; x_wconf 84' lang='lat' dir='ltr'>oblectamenta.</span> <span class='ocrx_word' id='word_1_23' title='bbox 1555 1546 1648 1628; x_wconf 88' lang='lat' dir='ltr'>Iom</span> <span class='ocrx_word' id='word_1_24' title='bbox 1670 1549 1799 1626; x_wconf 85' lang='lat' dir='ltr'>nosci·</span> 
     </span>
     <span class='ocr_line' id='line_1_7' title="bbox 802 1689 1798 1806; baseline 0 -32"><span class='ocrx_word' id='word_1_25' title='bbox 802 1721 906 1784; x_wconf 83' lang='lat' dir='ltr'>mur,</span> <span class='ocrx_word' id='word_1_26' title='bbox 925 1695 1068 1803; x_wconf 89' lang='lat' dir='ltr'>inquit</span> <span class='ocrx_word' id='word_1_27' title='bbox 1085 1689 1145 1789; x_wconf 55' lang='lat'>(03</span> <span class='ocrx_word' id='word_1_28' title='bbox 1157 1691 1346 1806; x_wconf 78' lang='lat' dir='ltr'>legimur,</span> <span class='ocrx_word' id='word_1_29' title='bbox 1365 1691 1616 1782; x_wconf 83' lang='lat' dir='ltr'>iudicamur,</span> <span class='ocrx_word' id='word_1_30' title='bbox 1638 1697 1798 1802; x_wconf 80' lang='lat' dir='ltr'>iamque</span> 
     </span>
     <span class='ocr_line' id='line_1_8' title="bbox 801 1839 1800 1954; baseline -0.003 -33"><span class='ocrx_word' id='word_1_31' title='bbox 801 1839 1009 1923; x_wconf 83' lang='lat' dir='ltr'>bominum</span> <span class='ocrx_word' id='word_1_32' title='bbox 1033 1868 1145 1922; x_wconf 76' lang='lat' dir='ltr'>voces</span> <span class='ocrx_word' id='word_1_33' title='bbox 1167 1839 1394 1933; x_wconf 77' lang='lat' dir='ltr'>evadendi,</span> <span class='ocrx_word' id='word_1_34' title='bbox 1416 1840 1665 1950; x_wconf 66' lang='lat' dir='ltr'>celantique</span> <span class='ocrx_word' id='word_1_35' title='bbox 1687 1847 1800 1954; x_wconf 83' lang='lat' dir='ltr'>inge-</span> 
     </span>
    </p>
   </div>
   <div class='ocr_carea' id='block_1_4' title="bbox 799 1988 1871 2116">
    <p class='ocr_par' dir='ltr' id='par_1_4' title="bbox 799 1988 1871 2116">
     <span class='ocr_line' id='line_1_9' title="bbox 799 1988 1871 2116; baseline -0.002 -44"><span class='ocrx_word' id='word_1_36' title='bbox 799 1994 915 2073; x_wconf 84' lang='lat' dir='ltr'>nium</span> <span class='ocrx_word' id='word_1_37' title='bbox 933 1991 1058 2073; x_wconf 81' lang='lat' dir='ltr'>nullo</span> <span class='ocrx_word' id='word_1_38' title='bbox 1070 2018 1181 2102; x_wconf 84' lang='lat' dir='ltr'>spes,</span> <span class='ocrx_word' id='word_1_39' title='bbox 1195 2007 1234 2069; x_wconf 79' lang='lat' dir='ltr'>ct</span> <span class='ocrx_word' id='word_1_40' title='bbox 1246 2017 1322 2070; x_wconf 84' lang='lat' dir='ltr'>scu</span> <span class='ocrx_word' id='word_1_41' title='bbox 1333 1988 1641 2101; x_wconf 73' lang='lat' dir='ltr'>prodeuntibus</span> <span class='ocrx_word' id='word_1_42' title='bbox 1660 1992 1704 2070; x_wconf 84' lang='lat' dir='ltr'>in</span> <span class='ocrx_word' id='word_1_43' title='bbox 1716 2017 1796 2101; x_wconf 84' lang='lat' dir='ltr'>pu·</span> <span class='ocrx_word' id='word_1_44' title='bbox 1840 2094 1871 2116; x_wconf 40' lang='lat' dir='ltr'><em>l</em></span> 
     </span>
    </p>
   </div>
   <div class='ocr_carea' id='block_1_5' title="bbox 765 2134 1796 4022">
    <p class='ocr_par' dir='ltr' id='par_1_5' title="bbox 765 2134 1796 4022">
     <span class='ocr_line' id='line_1_10' title="bbox 798 2134 1796 2251; baseline 0 -33"><span class='ocrx_word' id='word_1_45' title='bbox 798 2137 975 2228; x_wconf 80' lang='lat' dir='ltr'>blitum,</span> <span class='ocrx_word' id='word_1_46' title='bbox 1004 2167 1076 2219; x_wconf 85' lang='lat' dir='ltr'>scu</span> <span class='ocrx_word' id='word_1_47' title='bbox 1106 2139 1214 2219; x_wconf 85' lang='lat' dir='ltr'>domi</span> <span class='ocrx_word' id='word_1_48' title='bbox 1239 2137 1474 2221; x_wconf 77' lang='lat' dir='ltr'>sedentibus</span> <span class='ocrx_word' id='word_1_49' title='bbox 1505 2134 1796 2251; x_wconf 81' lang='lat' dir='ltr'>apparendum</span> 
     </span>
     <span class='ocr_line' id='line_1_11' title="bbox 765 2284 1796 2396; baseline 0.001 -31"><span class='ocrx_word' id='word_1_50' title='bbox 765 2343 769 2352; x_wconf 83' lang='lat'>·</span> <span class='ocrx_word' id='word_1_51' title='bbox 795 2309 871 2366; x_wconf 84' lang='lat' dir='ltr'>est.</span> <span class='ocrx_word' id='word_1_52' title='bbox 889 2284 989 2368; x_wconf 92' lang='lat' dir='ltr'>Non</span> <span class='ocrx_word' id='word_1_53' title='bbox 1012 2309 1098 2367; x_wconf 92' lang='lat' dir='ltr'>tam</span> <span class='ocrx_word' id='word_1_54' title='bbox 1123 2287 1246 2366; x_wconf 89' lang='lat' dir='ltr'>illurn</span> <span class='ocrx_word' id='word_1_55' title='bbox 1264 2285 1508 2369; x_wconf 85' lang='lat' dir='ltr'>delectabat</span> <span class='ocrx_word' id='word_1_56' title='bbox 1530 2288 1796 2396; x_wconf 76' lang='lat' dir='ltr'>ista&#39;sapien·</span> 
     </span>
     <span class='ocr_line' id='line_1_12' title="bbox 795 2435 1796 2543; baseline -0.004 -27"><span class='ocrx_word' id='word_1_57' title='bbox 795 2437 882 2516; x_wconf 89' lang='lat' dir='ltr'>tiae</span> <span class='ocrx_word' id='word_1_58' title='bbox 910 2435 1174 2542; x_wconf 89' lang='lat' dir='ltr'>famaquam</span> <span class='ocrx_word' id='word_1_59' title='bbox 1204 2437 1312 2514; x_wconf 90' lang='lat' dir='ltr'>mira</span> <span class='ocrx_word' id='word_1_60' title='bbox 1337 2435 1547 2542; x_wconf 83' lang='lat' dir='ltr'><strong>quaedam</strong></span> <span class='ocrx_word' id='word_1_61' title='bbox 1572 2435 1619 2512; x_wconf 90' lang='lat' dir='ltr'>in</span> <span class='ocrx_word' id='word_1_62' title='bbox 1644 2460 1796 2543; x_wconf 84' lang='lat' dir='ltr'>coguo-</span> 
     </span>
     <span class='ocr_line' id='line_1_13' title="bbox 796 2579 1794 2678; baseline -0.006 -15"><span class='ocrx_word' id='word_1_63' title='bbox 796 2584 950 2664; x_wconf 86' lang='lat' dir='ltr'>scendo</span> <span class='ocrx_word' id='word_1_64' title='bbox 967 2584 1173 2678; x_wconf 81' lang='lat' dir='ltr'>suavitas,</span> <span class='ocrx_word' id='word_1_65' title='bbox 1184 2585 1243 2662; x_wconf 88' lang='lat' dir='ltr'>sic</span> <span class='ocrx_word' id='word_1_66' title='bbox 1255 2601 1305 2662; x_wconf 92' lang='lat' dir='ltr'>ut</span> <span class='ocrx_word' id='word_1_67' title='bbox 1323 2611 1349 2660; x_wconf 88' lang='lat' dir='ltr'>a</span> <span class='ocrx_word' id='word_1_68' title='bbox 1364 2582 1519 2662; x_wconf 90' lang='lat' dir='ltr'>litteris</span> <span class='ocrx_word' id='word_1_69' title='bbox 1534 2579 1654 2661; x_wconf 89' lang='lat' dir='ltr'>nullo</span> <span class='ocrx_word' id='word_1_70' title='bbox 1669 2579 1794 2658; x_wconf 88' lang='lat' dir='ltr'>modo</span> 
     </span>
     <span class='ocr_line' id='line_1_14' title="bbox 795 2723 1794 2838; baseline -0.004 -28"><span class='ocrx_word' id='word_1_71' title='bbox 795 2731 944 2813; x_wconf 91' lang='lat' dir='ltr'>divelli</span> <span class='ocrx_word' id='word_1_72' title='bbox 972 2760 1020 2812; x_wconf 87' lang='lat' dir='ltr'>ac</span> <span class='ocrx_word' id='word_1_73' title='bbox 1039 2728 1220 2812; x_wconf 87' lang='lat' dir='ltr'>distrahi</span> <span class='ocrx_word' id='word_1_74' title='bbox 1245 2755 1364 2837; x_wconf 88' lang='lat' dir='ltr'>posse</span> <span class='ocrx_word' id='word_1_75' title='bbox 1391 2727 1630 2808; x_wconf 89' lang='lat' dir='ltr'>videretur.</span> <span class='ocrx_word' id='word_1_76' title='bbox 1659 2723 1794 2838; x_wconf 87' lang='lat' dir='ltr'>Aegre</span> 
     </span>
     <span class='ocr_line' id='line_1_15' title="bbox 797 2873 1789 2987; baseline -0.004 -29"><span class='ocrx_word' id='word_1_77' title='bbox 797 2878 1031 2987; x_wconf 91' lang='lat' dir='ltr'>aliquando</span> <span class='ocrx_word' id='word_1_78' title='bbox 1060 2875 1218 2957; x_wconf 89' lang='lat' dir='ltr'>abillo</span> <span class='ocrx_word' id='word_1_79' title='bbox 1252 2875 1444 2957; x_wconf 90' lang='lat' dir='ltr'>obtinuit</span> <span class='ocrx_word' id='word_1_80' title='bbox 1475 2873 1789 2955; x_wconf 88' lang='lat' dir='ltr'>Cabassolesius</span> 
     </span>
     <span class='ocr_line' id='line_1_16' title="bbox 795 3023 1793 3136; baseline -0.005 -31"><span class='ocrx_word' id='word_1_81' title='bbox 795 3054 916 3124; x_wconf 80' lang='lat' dir='ltr'><strong>suus,</strong></span> <span class='ocrx_word' id='word_1_82' title='bbox 936 3047 985 3106; x_wconf 94' lang='lat' dir='ltr'>ut</span> <span class='ocrx_word' id='word_1_83' title='bbox 1006 3053 1234 3136; x_wconf 81' lang='lat' dir='ltr'>parumper</span> <span class='ocrx_word' id='word_1_84' title='bbox 1259 3023 1517 3108; x_wconf 84' lang='lat' dir='ltr'>valetudinis</span> <span class='ocrx_word' id='word_1_85' title='bbox 1542 3051 1689 3104; x_wconf 82' lang='lat' dir='ltr'><strong>caussa</strong></span> <span class='ocrx_word' id='word_1_86' title='bbox 1708 3048 1793 3101; x_wconf 86' lang='lat' dir='ltr'>ces-</span> 
     </span>
     <span class='ocr_line' id='line_1_17' title="bbox 794 3169 1791 3283; baseline -0.005 -30"><span class='ocrx_word' id='word_1_87' title='bbox 794 3196 906 3256; x_wconf 87' lang='lat' dir='ltr'>saret</span> <span class='ocrx_word' id='word_1_88' title='bbox 931 3173 985 3254; x_wconf 91' lang='lat' dir='ltr'>ab</span> <span class='ocrx_word' id='word_1_89' title='bbox 1005 3175 1119 3253; x_wconf 90' lang='lat' dir='ltr'>omni</span> <span class='ocrx_word' id='word_1_90' title='bbox 1138 3174 1368 3283; x_wconf 79' lang='lat' dir='ltr'>scriptione</span> <span class='ocrx_word' id='word_1_91' title='bbox 1389 3193 1431 3253; x_wconf 86' lang='lat' dir='ltr'>et</span> <span class='ocrx_word' id='word_1_92' title='bbox 1449 3170 1658 3265; x_wconf 83' lang='lat' dir='ltr'>lectione,</span> <span class='ocrx_word' id='word_1_93' title='bbox 1674 3169 1791 3278; x_wconf 91' lang='lat' dir='ltr'>quod</span> 
     </span>
     <span class='ocr_line' id='line_1_18' title="bbox 794 3319 1791 3430; baseline -0.004 -28"><span class='ocrx_word' id='word_1_94' title='bbox 794 3321 1139 3403; x_wconf 63' lang='lat' dir='ltr'>molestumudeo</span> <span class='ocrx_word' id='word_1_95' title='bbox 1157 3323 1239 3430; x_wconf 91' lang='lat' dir='ltr'>ipsi</span> <span class='ocrx_word' id='word_1_96' title='bbox 1258 3320 1362 3428; x_wconf 79' lang='lat' dir='ltr'>fuit,</span> <span class='ocrx_word' id='word_1_97' title='bbox 1376 3341 1425 3401; x_wconf 96' lang='lat' dir='ltr'>ut</span> <span class='ocrx_word' id='word_1_98' title='bbox 1444 3347 1496 3400; x_wconf 86' lang='lat' dir='ltr'>ex</span> <span class='ocrx_word' id='word_1_99' title='bbox 1512 3319 1707 3400; x_wconf 86' lang='lat' dir='ltr'>molestia</span> <span class='ocrx_word' id='word_1_100' title='bbox 1725 3347 1791 3398; x_wconf 88' lang='lat' dir='ltr'>ca·</span> 
     </span>
     <span class='ocr_line' id='line_1_19' title="bbox 793 3465 1791 3582; baseline -0.007 -31"><span class='ocrx_word' id='word_1_101' title='bbox 793 3474 895 3582; x_wconf 85' lang='lat' dir='ltr'>pitis</span> <span class='ocrx_word' id='word_1_102' title='bbox 918 3469 1106 3551; x_wconf 87' lang='lat' dir='ltr'>dolorem</span> <span class='ocrx_word' id='word_1_103' title='bbox 1125 3491 1167 3551; x_wconf 89' lang='lat' dir='ltr'>et</span> <span class='ocrx_word' id='word_1_104' title='bbox 1191 3469 1351 3550; x_wconf 86' lang='lat' dir='ltr'>febrem</span> <span class='ocrx_word' id='word_1_105' title='bbox 1374 3471 1654 3552; x_wconf 85' lang='lat' dir='ltr'>contraxerit.</span> <span class='ocrx_word' id='word_1_106' title='bbox 1675 3465 1791 3565; x_wconf 85' lang='lat' dir='ltr'><strong>Qua-</strong></span> 
     </span>
     <span class='ocr_line' id='line_1_20' title="bbox 793 3617 1791 3725; baseline -0.006 -28"><span class='ocrx_word' id='word_1_107' title='bbox 793 3647 839 3698; x_wconf 89' lang='lat' dir='ltr'>re</span> <span class='ocrx_word' id='word_1_108' title='bbox 863 3623 937 3701; x_wconf 80' lang='lat' dir='ltr'>vix</span> <span class='ocrx_word' id='word_1_109' title='bbox 962 3617 1262 3714; x_wconf 79' lang='lat' dir='ltr'>convaluerat,</span> <span class='ocrx_word' id='word_1_110' title='bbox 1282 3645 1377 3698; x_wconf 92' lang='lat' dir='ltr'>cum</span> <span class='ocrx_word' id='word_1_111' title='bbox 1403 3617 1456 3696; x_wconf 90' lang='lat' dir='ltr'>ad</span> <span class='ocrx_word' id='word_1_112' title='bbox 1481 3617 1707 3725; x_wconf 90' lang='lat' dir='ltr'>pristinum</span> <span class='ocrx_word' id='word_1_113' title='bbox 1727 3641 1791 3691; x_wconf 88' lang='lat' dir='ltr'>re-</span> 
     </span>
     <span class='ocr_line' id='line_1_21' title="bbox 795 3765 1790 3878; baseline -0.009 -31"><span class='ocrx_word' id='word_1_114' title='bbox 795 3768 878 3848; x_wconf 92' lang='lat' dir='ltr'>diit</span> <span class='ocrx_word' id='word_1_115' title='bbox 895 3768 1010 3848; x_wconf 85' lang='lat' dir='ltr'>vitae</span> <span class='ocrx_word' id='word_1_116' title='bbox 1036 3795 1184 3878; x_wconf 87' lang='lat' dir='ltr'>genus.</span> <span class='ocrx_word' id='word_1_117' title='bbox 1210 3765 1370 3846; x_wconf 88' lang='lat' dir='ltr'>Scimus</span> <span class='ocrx_word' id='word_1_118' title='bbox 1394 3789 1446 3844; x_wconf 81' lang='lat' dir='ltr'>ex</span> <span class='ocrx_word' id='word_1_119' title='bbox 1471 3767 1562 3872; x_wconf 88' lang='lat' dir='ltr'>ipso</span> <span class='ocrx_word' id='word_1_120' title='bbox 1588 3789 1717 3870; x_wconf 89' lang='lat' dir='ltr'>quam</span> <span class='ocrx_word' id='word_1_121' title='bbox 1741 3789 1790 3838; x_wconf 81' lang='lat' dir='ltr'>o-</span> 
     </span>
     <span class='ocr_line' id='line_1_22' title="bbox 794 3885 1787 4022; baseline -0.009 -27"><span class='ocrx_word' id='word_1_122' title='bbox 794 3917 909 3995; x_wconf 87' lang='lat' dir='ltr'>mnia</span> <span class='ocrx_word' id='word_1_123' title='bbox 933 3935 1143 4022; x_wconf 86' lang='lat' dir='ltr'>occupata</span> <span class='ocrx_word' id='word_1_124' title='bbox 1167 3885 1358 4022; x_wconf 87' lang='lat' dir='ltr'>tempora</span> <span class='ocrx_word' id='word_1_125' title='bbox 1386 3911 1585 3992; x_wconf 87' lang='lat' dir='ltr'>haberet.</span> <span class='ocrx_word' id='word_1_126' title='bbox 1618 3907 1728 3988; x_wconf 88' lang='lat' dir='ltr'>Cibi</span> <span class='ocrx_word' id='word_1_127' title='bbox 1744 3927 1787 3987; x_wconf 89' lang='lat' dir='ltr'>et</span> 
     </span>
    </p>
   </div>
   <div class='ocr_carea' id='block_1_6' title="bbox 792 4132 1789 4295">
    <p class='ocr_par' dir='ltr' id='par_1_6' title="bbox 792 4132 1789 4295">
     <span class='ocr_line' id='line_1_23' title="bbox 792 4132 1789 4166; baseline 0.008 -8"><span class='ocrx_word' id='word_1_128' title='bbox 792 4132 1789 4166; x_wconf 51' lang='lat' dir='ltr'>antummum</span> 
     </span>
     <span class='ocr_line' id='line_1_24' title="bbox 855 4217 1524 4295; baseline -0.015 -17"><span class='ocrx_word' id='word_1_129' title='bbox 855 4218 900 4295; x_wconf 84' lang='lat'>(1)</span> <span class='ocrx_word' id='word_1_130' title='bbox 917 4217 1019 4278; x_wconf 81' lang='lat' dir='ltr'>Praef.</span> <span class='ocrx_word' id='word_1_131' title='bbox 1035 4219 1076 4277; x_wconf 83' lang='lat' dir='ltr'>ad</span> <span class='ocrx_word' id='word_1_132' title='bbox 1090 4217 1203 4278; x_wconf 83' lang='lat' dir='ltr'>Libros</span> <span class='ocrx_word' id='word_1_133' title='bbox 1218 4219 1257 4276; x_wconf 81' lang='lat' dir='ltr'>de</span> <span class='ocrx_word' id='word_1_134' title='bbox 1272 4218 1343 4276; x_wconf 85' lang='lat' dir='ltr'>vita</span> <span class='ocrx_word' id='word_1_135' title='bbox 1362 4217 1524 4276; x_wconf 82' lang='lat' dir='ltr'>solitaria.</span> 
     </span>
    </p>
   </div>
   <div class='ocr_carea' id='block_1_7' title="bbox 0 0 2132 5824">
    <p class='ocr_par' dir='ltr' id='par_1_7' title="bbox 0 0 2132 5824">
     <span class='ocr_line' id='line_1_25' title="bbox 0 0 2132 5824; baseline 0 5"><span class='ocrx_word' id='word_1_136' title='bbox 0 0 2132 5824; x_wconf 95' lang='lat' dir='ltr'> </span> 
     </span>
    </p>
   </div>
  </div>
 </body>
</html>
