4260 5826
779 677 908 754 aas
980 789 982 793 ι

356 855 535 966 demque
562 877 786 965 quaereret
816 887 840 936 a
870 856 1163 968 magnitudine
1198 861 1349 954 animi,

356 1032 439 1083 non
466 1031 490 1084 a
515 1031 673 1084 corona
703 1001 950 1100 Caesarum,
970 1033 1055 1112 quo
1081 1006 1250 1085 nomine
1275 1033 1346 1084 ne-

355 1153 509 1230 minem
532 1153 706 1262 dignum
725 1177 811 1232 esse
839 1152 1032 1247 addidit,
1051 1153 1132 1233 nisi
1157 1155 1234 1261 qui
1261 1173 1354 1234 tan-

358 1299 392 1376 ti
423 1296 592 1378 honoris
618 1326 769 1380 nomen
802 1322 940 1410 posset
972 1303 1195 1382 sustinere.
1229 1299 1351 1382 Illam

357 1471 552 1524 coronam
578 1467 667 1528 tum
691 1445 849 1527 Romae
883 1471 974 1531 tum
1003 1445 1143 1528 Ticini
1177 1447 1352 1530 Carolus

357 1595 544 1702 accepit,
562 1621 760 1702 quaeque
785 1593 998 1690 faciebat,
1018 1622 1214 1703 quaeque
1240 1597 1354 1678 dice-

354 1736 428 1816 bat
454 1738 723 1821 multitudini
750 1742 939 1822 iucunda
964 1770 1054 1823 esse
1073 1741 1268 1826 volebat.
1297 1743 1352 1827 At

278 1931 283 1946 ·
357 1879 587 1964 Petrarcha
612 1885 886 1968 vehementer
921 1889 1207 1999 improbavit,
1234 1893 1354 2000 quod

357 2051 518 2111 secreto
543 2059 638 2111 cum
665 2031 868 2116 Pontifice
889 2056 931 2117 et
950 2035 1287 2122 Viceeomitibus
1312 2071 1353 2122 e·

356 2178 482 2286 gisset
507 2178 559 2258 de
580 2177 655 2259 illo
681 2182 915 2264 obtinendo
935 2182 1120 2284 honore,
1137 2186 1348 2298 fidemque

359 2349 475 2403 suam
500 2323 727 2438 obligasset
748 2329 942 2412 Pontifici
965 2335 1049 2443 ipsi
1075 2363 1119 2416 se
1140 2333 1272 2416 Roma
1292 2338 1354 2417 di·

357 2497 588 2553 scansurum
610 2475 758 2555 eodem
784 2479 860 2558 illo
887 2480 980 2576 die,
999 2510 1086 2590 quo
1111 2512 1267 2565 corona
1293 2516 1355 2566 re·
1393 2577 1398 2582 ,

356 2614 531 2697 dimitus
565 2620 732 2702 fuisset.
772 2620 873 2704 Non
909 2625 1206 2710 dimittendam
1242 2635 1354 2712 enim

355 2759 466 2843 hanc
496 2771 865 2875 opportunitatem
894 2776 1100 2884 putabat,
1126 2801 1175 2860 ut
1206 2779 1355 2863 Roma-

357 2911 421 2990 nis
459 2915 639 3022 pristina
664 2917 850 3030 dignitas
885 2925 1198 3036 pristinumque
1224 2931 1356 3040 impe-

357 3059 468 3136 rium
487 3063 755 3162 redderetur,
767 3089 901 3177 utque
920 3092 1086 3153 ceterae
1105 3073 1281 3156 Italicae
1301 3081 1355 3158 ci-

357 3205 512 3286 vitates
528 3209 647 3290 malis
667 3215 867 3296 civilibus
893 3237 935 3300 et
957 3249 1192 3330 paucorum
1211 3245 1356 3338 tyran*

356 3353 457 3432 nide
493 3365 715 3466 oppressae
752 3392 774 3440 e
801 3365 990 3445 tenebris
1024 3371 1069 3447 in
1099 3369 1236 3452 lucem
1263 3395 1357 3454 tan-

357 3495 451 3580 dem
469 3526 771 3586 evocarentur.
792 3507 899 3610 Quis
917 3533 1002 3592 tarn
1022 3515 1168 3598 fuisset
1189 3547 1353 3618 excors,

357 3668 482 3750 quern
516 3651 599 3732 ista
631 3681 718 3734 non
748 3658 995 3742 moverent?
1030 3661 1181 3746 Nihilo
1213 3689 1354 3751 tamen

356 3792 494 3873 minus
517 3799 580 3879 ita
601 3805 724 3910 parvi
748 3797 984 3918 parumque
1015 3812 1120 3892 adeo
1145 3815 1226 3894 sibi
1252 3844 1356 3898 con-

358 3943 509 4020 stantis
534 3949 664 4030 animi
689 3951 772 4034 fnit
801 3953 998 4056 Carolus,
1024 3984 1073 4044 ut
1097 3964 1238 4075 fugam
1264 3987 1354 4047 tur-

356 4085 568 4192 pissimam
586 4095 640 4175 ab
659 4096 789 4181 Italia
808 4111 990 4213 ceperit,
1009 4111 1064 4190 ab
1089 4113 1140 4190 iis
1165 4114 1266 4222 ipsis
1285 4143 1353 4194 ur·-

282 4255 286 4262 ·
357 4229 483 4318 bibus
503 4262 696 4340 exactus,
716 4251 915 4357 aquibus
934 4257 1080 4363 paullo
1100 4280 1247 4357 antea,
1267 4289 1351 4341 non

1159 4370 1189 4414 1⁶
