4180 5796
1218 620 1292 714 86

757 821 1018 904 chritudines
1045 819 1170 929 plane
1195 843 1362 932 gustare
1396 829 1607 933 potuerit.
1633 825 1747 909 Huic

758 997 855 1050 suae
878 967 1096 1050 voluntati
1117 997 1165 1048 ac
1192 969 1442 1081 diligentiae
1461 973 1754 1058 difficultatem
1782 1081 1788 1090 ἱ

757 1120 904 1202 attulit
946 1117 1148 1198 discessus
1188 1118 1242 1198 ab
1286 1116 1506 1202 Avenione
1548 1125 1749 1206 carissimi

753 1270 1041 1378 praeceptoris
1066 1271 1130 1346 sui
1161 1262 1329 1378 (factus
1354 1273 1465 1350 enim
1490 1270 1574 1355 fuit
1599 1270 1747 1354 Hiera·

755 1421 818 1513 ci,
843 1445 952 1524 quae
980 1437 1042 1496 est
1070 1414 1296 1499 Calabriae
1318 1418 1441 1513 urbs,
1467 1414 1746 1528 Episcopus),

753 1591 962 1670 quocum
997 1567 1059 1645 ita
1083 1563 1357 1662 versabatur,
1387 1587 1436 1646 ut
1468 1593 1580 1674 quae
1614 1567 1668 1645 ab
1699 1594 1749 1645 eo

753 1711 805 1790 de
835 1709 1012 1792 Graecis
1042 1711 1198 1792 litteris
1229 1714 1493 1823 accipiebat,
1518 1717 1599 1825 ipsi
1623 1715 1750 1796 vicis-

752 1863 829 1940 sim
847 1861 1042 1940 redderet
1062 1859 1115 1938 de
1142 1855 1331 1956 Latinis,
1357 1861 1578 1968 inquibus
1598 1860 1748 1969 hospes

754 2029 844 2088 erat
871 2029 913 2089 et
944 2008 1209 2118 peregrinus.
1236 2006 1468 2088 Plurimum
1493 2035 1667 2116 quoque
1692 2006 1750 2084 fa·
1779 2059 1784 2066 ·

751 2159 816 2238 vit
840 2157 928 2235 eius
948 2154 1122 2250 honori,
1147 2183 1288 2264 neque
1313 2157 1367 2234 ob
1389 2159 1478 2236 eius
1499 2154 1745 2247 discessum,

752 2325 959 2411 quantum
979 2303 1085 2382 eniti
1110 2305 1272 2412 potuit,
1296 2303 1581 2411 praetermisit
1604 2327 1748 2410 perge·
1816 2341 1817 2344 ¹

753 2479 796 2529 re
823 2448 963 2547 illam,
990 2479 1117 2560 quam
1141 2454 1408 2547 instituerat,
1430 2451 1568 2544 viam,
1593 2451 1638 2529 in
1663 2477 1749 2556 qua

751 2617 841 2676 tum
867 2604 1071 2709 perpauci
1085 2603 1212 2708 ,·ipso
1234 2620 1362 2695 teste,
1387 2600 1668 2680 versabantur
1683 2590 1746 2674 (¹).

751 2739 956 2854 Namlqui
982 2745 1146 2827 Graece
1165 2747 1321 2823 scirent
1347 2748 1541 2851 quinque
1567 2763 1749 2824 tantum-

751 2892 871 2971 modo
903 2893 1028 2972 fuisse
1063 2891 1307 2973 Florentiae
1340 2894 1424 2986 ait,
1446 2921 1579 2974 unum
1613 2887 1748 2968 Bono-

750 3038 868 3130 niae,
886 3067 1017 3116 unum
1038 3041 1198 3147 pariter
1215 3035 1442 3133 Mantuae,
1461 3059 1503 3118 et
1525 3065 1655 3116 unum
1675 3031 1747 3116 Pe·

750 3182 904 3276 rusiae,
924 3183 997 3261 sed
1018 3182 1133 3264 hunc
1153 3185 1278 3295 longe
1302 3185 1664 3296 peregrinantem,
1681 3185 1746 3262 bi-

749 3353 822 3408 nos
848 3326 1043 3414 Veronae
1055 3337 1070 3427 ,'
1092 3331 1344 3441 nullumque
1368 3332 1543 3413 Romae.

749 3907 955 3929 ‘'Um“
960 3909 1744 3935 “mooe-ommonem

810 4009 855 4087 (1)
878 4009 949 4068 Vid.
968 4013 1155 4070 Petrarchoe
1175 4014 1279 4090 ipsius
1292 4015 1471 4092 'epistolam
1491 4015 1533 4071 ud
1554 3973 1750 4079 Himeram:

748 4113 1002 4192 quamprimum
1024 4115 1131 4174 emisit
1152 4117 1256 4175 sadus
1279 4117 1316 4174 in
1338 4118 1405 4176 Vol.
1423 4121 1484 4176 ΙΙΙ.
1496 4139 1530 4195 p.
1549 4123 1608 4192 627
1623 4117 1661 4173 de
1676 4117 1744 4173 vita

749 4214 952 4276 Petronlee.
