4254 5824
788 847 875 953 pit,
901 865 950 925 ut
980 847 1025 922 in
1056 843 1233 942 litteris,
1265 873 1369 954 quas
1399 843 1480 926 hac
1512 847 1564 928 de
1591 878 1636 928 re
1662 850 1781 934 dedit

788 991 842 1070 ad
878 989 1125 1076 Columnam
1161 993 1454 1090 Cardinalem‚
1487 1023 1529 1074 se
1555 998 1780 1078 assimilare

784 1143 954 1222 minime
979 1144 1244 1226 dubitaverit
1266 1144 1474 1256 Syphaci,
1495 1147 1614 1224 cuius
1640 1147 1778 1226 amici-

785 1293 848 1370 tia
874 1321 899 1371 a
923 1292 1088 1373 duabus
1105 1293 1408 1402 potentissimis
1431 1294 1677 1373 nationibus
1695 1321 1781 1374 uno

784 1438 1017 1547 eodemque
1049 1461 1238 1550 tempore
1273 1439 1577 1550 expetebatur.
1614 1423 1780 1551 Anceps

787 1578 1052 1693 aliquandiuJ
1071 1586 1155 1666 fuit
1186 1586 1293 1694 quid
1317 1586 1484 1666 consilii
1510 1608 1699 1696 caperet,
1723 1588 1781 1668 fa·

782 1753 984 1842 ctumque
1003 1732 1370 1814 cohortationibus
1384 1732 1616 1816 Columnae
1630 1739 1780 1845 ipsius,

784 1904 832 1962 ut
859 1879 1125 1992 Capitolium
1157 1880 1302 1996 Lyceo
1337 1882 1562 1964 Parisiensi
1583 1883 1780 1994 ‘pracfer-

781 2051 860 2111 ret.
882 2028 963 2113 Sed
988 2031 1217 2140 antequam
1234 2030 1407 2110 Romam
1425 2031 1694 2128 concederet,
1709 2059 1780 2141 pa·

781 2181 1008 2259 trocinium
1036 2181 1116 2259 sibi
1151 2179 1468 2260 conciliandum
1494 2181 1664 2290 putavit
1693 2207 1778 2258 ma-

779 2329 852 2438 gni
883 2349 925 2407 et
962 2328 1149 2437 potentis
1169 2326 1334 2437 Regia,
1365 2328 1486 2405 cuius
1520 2328 1776 2408 auctoritate

780 2496 822 2556 et
849 2476 1091 2556 testimonio
1114 2473 1266 2586 dign'us
1297 2472 1562 2555 iudicaretur
1592 2473 1775 2568 honore,

779 2651 905 2732 quem
937 2623 1299 2705 vehementissime
1330 2623 1583 2732 appetebat.
1610 2618 1776 2731 Oppor-

781 2793 884 2854 tune
910 2772 975 2851 illi
1001 2771 1138 2852 adfuit
1165 2769 1399 2883 Dionysius
1423 2769 1496 2849 ille
1522 2773 1547 2849 'a
1571 2767 1608 2848 S.
1629 2767 1776 2879 Sepul-

780 2947 874 3015 οπο,
902 2921 1021 2998 cuius
1045 2947 1172 3029 supra
1197 2919 1482 3012 meminimus,
1505 2937 1596 2996 tum
1621 2916 1775 2997 Mono-

779 3065 995 3176 politanus
1019 3062 1323 3176 Episcopus(¹)‚
1339 3069 1546 3173 cuiusque
1566 3092 1696 3173 opera
1712 3063 1774 3143 fa-

779 3236 894 3295 ctum
918 3235 1003 3311 est,
1030 3237 1077 3295 ut
1103 3241 1215 3321 quae
1241 3214 1471 3294 Petrarcha
1494 3241 1591 3292 suus
1616 3213 1772 3294 litteris

777 3361 1052 3445 mandaverat
1070 3366 1116 3441 in
1141 3364 1335 3444 manibus
1353 3362 1532 3443 haberet
1553 3381 1682 3469 atque
1703 3359 1773 3439 ad-

777 3514 1001 3592 miraretur
1026 3509 1238 3594 Robertus
1256 3507 1640 3622 Neapolitanorum
1660 3507 1769 3585 Rex.

778 3655 908 3740 Prout
931 3657 1002 3739 hic
1029 3664 1177 3740 mirum
1203 3665 1249 3742 in
1274 3660 1441 3740 modum
1472 3656 1622 3740 studiis
1645 3655 1771 3734 dedi-

773 3881 1770 3907 ΜΟΟΟΙΜΟΜΜΜΜΝ

834 3971 878 4048 (1)
896 3977 1020 4050 Magna
1035 3977 1064 4030 is
1080 3977 1241 4052 ingratia
1257 3989 1327 4033 erat
1353 3973 1440 4053 opud
1456 3975 1625 4034 Robertum
1641 3977 1770 4050 Regem,

775 4088 806 4131 et
821 4089 938 4134 extant
954 4077 1085 4136 litterae
1096 4076 1294 4136 Petrarchce
1309 4077 1354 4136 ad
1372 4081 1476 4156 ipsum
1484 4114 1495 4150 ,
1506 4076 1620 4156 quibus
1636 4075 1688 4132 illi
1701 4087 1773 4154 gru·

775 4179 904 4236 colatur
916 4177 956 4236 de
971 4183 1059 4237 tanti
1074 4181 1168 4259 Regis
1192 4179 1431 4240 benevolentia.
1455 4185 1531 4240 Cum
1554 4194 1687 4256 mortem,
1701 4197 1769 4237 vero

773 4281 906 4340 obiisset
920 4301 974 4342 on.
990 4283 1160 4358 1342honc
1171 4283 1370 4341 carminibus
1383 4285 1517 4342 Latinis
1528 4279 1656 4364 deflevit
1664 4318 1676 4353 ,
1687 4275 1771 4358 quae
