4260 5826
1230 609 1346 702 126

1178 737 1216 772 X

791 829 952 917 quanto
978 807 1059 888 sibi
1084 805 1260 905 honori,
1289 835 1568 922 quantaeque
1601 814 1785 896 utilitati

789 957 981 1037 futurum
1006 979 1132 1054 esset,
1156 962 1188 1036 si
1215 958 1486 1040 Petrarcham
1511 964 1591 1041 sibi
1617 991 1785 1073 prorsus
1879 1067 1884 1077 Ι

791 1103 1069 1200 addixissent,
1082 1109 1203 1185 cuius
1222 1107 1409 1187 consiliis
1426 1111 1470 1188 in
1484 1137 1610 1220 aegra
1630 1139 1678 1190 ac
1695 1139 1785 1218 pro·

786 1281 839 1360 pe
859 1252 1053 1359 deposita
1072 1252 1313 1362 Republica
1338 1257 1526 1336 sananda
1546 1278 1786 1338 uterentur.

786 1397 921 1478 Nulla
944 1391 978 1477 is
1009 1393 1287 1498 conditione,
1310 1406 1503 1512 quamvis
1533 1397 1786 1483 liberalissi-

768 1573 875 1641 ·nra,
903 1546 1056 1626 adduci
1082 1553 1251 1658 potuit,
1273 1573 1322 1632 ut
1348 1551 1519 1632 Italiam
1547 1553 1784 1646 desererem

783 1694 894 1775 datis
920 1717 1060 1776 tamen
1086 1697 1241 1779 litteris
1267 1701 1320 1780 ad
1348 1700 1519 1785 Petrum
1544 1701 1785 1782 Pictavien-
1846 1739 1854 1748 ·

785 1871 894 1938 sem,
920 1865 1106 1926 veterem
1132 1851 1314 1928 amicum
1340 1877 1484 1946 suurn,
1511 1849 1714 1962 religione
1741 1867 1783 1928 et

786 1992 965 2087 litteris,
1002 2013 1050 2072 ut
1085 1997 1223 2103 ipsum
1258 1986 1518 2106 appellavit,
1555 1995 1783 2108 insignem,

785 2143 861 2248 qui
881 2143 925 2219 in
944 2140 1155 2221 famulatu
1175 2141 1300 2254 Regis
1316 2146 1549 2252 erat,quid
1568 2145 1671 2224 huic
1689 2171 1785 2222 con·

785 2287 960 2368 duceret
980 2287 1176 2396 pluribus
1195 2295 1407 2400 exposuit.
1428 2291 1533 2393 Quis
1554 2313 1661 2372 esset
1678 2295 1787 2400 opti·

740 2491 744 2500 -
781 2461 875 2514 mus
894 2435 1176 2544 Reipublicae
1196 2458 1351 2533 status,
1368 2453 1482 2544 qua'e
1504 2441 1549 2516 in
1570 2455 1623 2516 ea
1645 2427 1782 2518 essent

784 2578 1085 2663 inclinationes
1102 2573 1241 2663 reruni
1253 2605 1527 2665 et'momenta
1538 2607 1791 2694 temporum,

780 2733 891 2839 quid
917 2759 1068 2827 mores,
1094 2735 1362 2844 ingeniorum
1388 2733 1554 2828 cultus,
1581 2734 1686 2840 quid
1712 2734 1787 2811 do-

783 2882 983 2959 mesticae
1001 2902 1044 2960 et
1063 2855 1269 2960 militares
1280 2885 1462 2962 virtutes
1480 2881 1786 2990 possent,quid

784 3045 1036 3137 congrueret
1065 3053 1160 3105 cum
1189 3053 1243 3106 ea
1272 3028 1522 3136 disciplina,
1547 3055 1673 3134 quarn
1703 3028 1786 3106 Ro·
1814 3055 1821 3070 ³

783 3163 897 3252 mani
925 3201 1027 3282 prae
1054 3176 1207 3253 ceteris
1232 3168 1482 3270 coluerunt,
1508 3162 1689 3281 quorum
1715 3201 1807 3253 ar—·

784 3347 852 3400 ma
873 3339 937 3400 tot
954 3323 1153 3414 victorias
1182 3351 1231 3400 ac
1256 3341 1319 3402 tot
1339 3321 1575 3430 triumphos
1596 3345 1785 3430 reporta-

786 3488 910 3564 runt,
923 3469 1031 3576 quid
1051 3459 1424 3579 spectarint,quid
1445 3471 1578 3548 secuti
1599 3472 1681 3548 sint
1698 3468 1786 3546 Ca-

786 3615 915 3711 milli,
931 3605 1120 3711 Aemilii,
1132 3614 1371 3725 Scipiones,
1384 3617 1602 3722 ceterique
1612 3615 1782 3695 illorum

784 3753 1058 3844 consiliorum
1088 3766 1192 3842 socii
1219 3785 1347 3871 atque
1373 3765 1630 3856 imitatores,
1650 3764 1781 3843 docte

787 3939 885 3991 sane
905 3901 1152 4021 persecutus
1169 3933 1250 3992 est.
1279 3904 1621 4027 Confirmavitid
1647 3913 1781 4020 ipsum

789 4060 980 4169 exemplo
1015 4059 1343 4156 Britannorum,
1378 4061 1453 4167 qui
1489 4062 1551 4138 rei
1584 4058 1780 4139 militaris

784 4201 1220 4302 'virtute'ellecerunt,
1240 4227 1291 4286 ut
1310 4195 1406 4312 qui,
1420 4234 1465 4284 se
1485 4232 1637 4314 puero,
1653 4206 1783 4285 omni·

1724 4325 1743 4368 b
