4260 5826
795 675 903 783 165

354 911 449 964 cum
483 877 557 960 illo
591 880 638 956 in
673 875 765 956 loco
799 870 845 952 in
881 874 1071 952 morbum
1104 871 1340 970 incidisset,

352 1029 453 1109 huic
490 1027 681 1108 levamen
706 1023 935 1132 quaesierit
969 1023 1013 1099 in
1049 1023 1138 1128 ipsa
1173 1019 1343 1100 Petrar-

355 1175 457 1254 chae
494 1171 634 1268 domo,
672 1169 879 1278 adquam
912 1195 1034 1278 aeger
1068 1167 1235 1246 delatus
1261 1191 1342 1248 est.

355 1319 496 1402 Multa
520 1340 617 1400 sunt
644 1315 729 1397 alia
744 1316 991 1396 *testimonia
1010 1315 1099 1392 eius
1123 1314 1345 1424 singularis

354 1463 678 1546 benevolentiae
697 1463 741 1539 in
756 1457 1051 1552 Petrarcham‚'
1062 1457 1260 1566 quaeque
1277 1461 1346 1539 hic

355 1613 590 1722 gratissimo
611 1611 748 1690 anim'o
767 1609 989 1687 memoriae
1010 1605 1199 1715 prodidit
1216 1605 1284 1701 (1);
1307 1629 1349 1688 at

355 1757 476 1870 nullo
499 1756 621 1836 modo
649 1754 804 1834 adduci
825 1755 993 1862 potuit,
1013 1773 1062 1832 ut
1081 1756 1171 1832 eius
1189 1753 1351 1835 deside-

357 1905 421 1984 rio
448 1903 672 1984 Patavium
690 1901 911 1980 deserendi
936 1893 1215 1997 satisfcoeiet.
1241 1901 1353 1982 Nam

357 2053 434 2158 qui
448 2050 550 2131 huic
563 2051 662 2130 urbi
681 2049 985 2130 dominabatui
996 2045 1244 2130 Franciscus
1256 2049 1357 2130 Car-

356 2199 552 2277 rariensis
572 2197 732 2278 nemini
751 2197 795 2275 i'n
810 2195 988 2276 amando
1008 2193 1272 2304 colendoque
1285 2188 1359 2276 Pes

357 2344 528 2424 trarcha
553 2344 832 2424 concedebat.
861 2340 904 2421 Si
932 2341 1022 2421 ulla
1046 2345 1111 2422 res'
1138 2365 1219 2440 est,
1245 2337 1359 2452 quae'

358 2488 651 2570 vehementius
685 2493 816 2600 possit
855 2492 1013 2570 animos
1049 2490 1266 2571 hominurn
1297 2494 1357 2570 in-

353 2633 587 2732 flammare,
603 2659 665 2716 est
684 2637 875 2746 profecto
894 2639 1160 2750 consentiens
1181 2635 1272 2716 laus
1285 2639 1358 2716 bo-

358 2809 533 2878 norum,
561 2807 603 2863 et
639 2785 890 2894 incorrupta
916 2811 996 2865 vox
1029 2785 1136 2862 bene
1163 2785 1358 2874 iudican-

358 2931 464 3008 tium
489 2929 541 3010 de
566 2931 802 3011 excellente
828 2935 1012 3026 virtute,
1049 2959 1229 3038 cumque
1255 2931 1356 3012 nul·-

357 3074 422 3153 lus
448 3103 500 3154 ex
525 3075 686 3156 Italicis
710 3077 884 3190 Regulis
910 3099 1040 3173 esset,
1066 3081 1248 3186 quinon
1273 3107 1356 3159 ma-

359 3344 371 3362 Ο
377 3344 445 3366 ”0
451 3345 1355 3370 OOOOOONOOMNOWWON

419 3467 466 3542 (1)
482 3471 551 3524 Sen.
568 3465 637 3524 Lib.
654 3469 678 3522 Ι.
696 3469 751 3544 Ep.
768 3485 798 3524 v.
816 3467 1024 3545 Rogatusob
1039 3467 1075 3524 'eo
1085 3505 1096 3536 ,
1112 3481 1150 3524 nt
1163 3469 1209 3526 ad
1225 3461 1267 3524 se'
1279 3469 1359 3524 mit·-
1438 3494 1443 3510 ·

358 3581 423 3623 tere
438 3569 533 3626 vellet
547 3570 691 3627 volumen
708 3573 889 3628 carminum
906 3571 1118 3641 Italicorum,
1133 3572 1355 3647 praefationis

349 3667 495 3742 sonasse
510 3672 579 3728 loco
590 3709 600 3742 ,
618 3687 654 3729 nc
677 3684 724 3730 est
745 3675 951 3733 castelvetro·
975 3675 1108 3751 opinio,
1127 3689 1257 3730 carmen
1274 3672 1358 3731 illud

358 3773 529 3842 exaravit,
547 3776 639 3830 coins
656 3787 703 3832 est
719 3776 880 3833 initinm:
1186 3769 1189 3774 ⁸

462 3873 541 3938 voi,
557 3874 775 3934 eh’acooltate
790 3877 825 3934 in
844 3877 926 3934 rime
942 3875 1092 3954 sparse'il
1108 3893 1227 3933 suonoz

362 3979 450 4034 Nom
473 3973 568 4031 liuius
591 3981 774 4035 sententiae
798 3994 979 4038 consonant
994 3998 1065 4038 cnm
1087 3982 1131 4036 iis
1141 4019 1152 4050 ‚
1167 3995 1253 4057 qnae
1266 3977 1311 4035 dd
1327 3983 1359 4035 i-

359 4093 453 4153 psum
469 4077 684 4134 Malatestovn
700 4081 850 4156 scripsit.
869 4086 941 4138 sen.
956 4077 1024 4137 Lib.
1042 4083 1129 4138 xm.
1145 4083 1202 4158 Ep.
1219 4099 1259 4150 x,
1274 4099 1358 4158 qnae

361 4195 442 4234 sone
458 4180 600 4255 epistola
616 4193 664 4238 cst
679 4182 808 4240 illustre
831 4185 901 4240 eins
918 4185 1032 4240 senilis
1047 4185 1224 4260 gravitatis
1245 4199 1361 4240 monn·-

359 4293 500 4338 mentum
511 4321 517 4334 .
