4180 5796
804 636 920 732 149

278 795 280 798 ¹
363 839 424 898 set
459 817 742 926 temporibus,
777 813 930 896 fortem
965 811 1070 892 adeo
1103 829 1148 914 et
1173 810 1356 892 liberum

361 991 460 1072 prae
488 991 529 1043 se
555 963 718 1044 tulisset
746 963 950 1055 animum,
974 981 1022 1040 ut
1048 987 1132 1040 non
1157 984 1275 1039 secus
1303 989 1350 1038 ao

363 1108 437 1189 ille
463 1109 582 1190 dese
608 1107 748 1190 dicere
775 1110 1007 1222 potuisset:
1034 1124 1140 1186 certe
1164 1126 1244 1185 aaa
1269 1131 1358 1184 suc-

363 1255 546 1364 cumbam
572 1253 947 1344 succumbentibus,
965 1281 1041 1334 nec
1067 1255 1211 1334 vincar
1229 1249 1282 1334 ab
1309 1255 1360 1332 iis

364 1407 436 1512 qui
460 1432 503 1484 se
527 1407 635 1484 oinci
654 1404 816 1494 solunt,
836 1395 1108 1515 experiarque
1131 1397 1355 1480 attentabo

365 1552 526 1638 omnio,
551 1578 681 1660 neque
706 1549 904 1633 desistam
929 1542 1168 1630 abstrahere
1192 1575 1221 1626 a
1245 1548 1361 1626 seroi-

362 1695 419 1774 tio
437 1699 644 1779 ciuitatem
671 1715 874 1778 nostram.
901 1694 1029 1777 Omni
1055 1697 1168 1776 enim
1187 1722 1240 1774 ex
1266 1722 1361 1801 par·

365 1863 409 1922 te
435 1845 526 1924 eius
546 1842 821 1952 scripta.·hoo
837 1842 1052 1924 libertatis
1076 1840 1264 1923 studium
1284 1843 1363 1949 spi-

364 2011 484 2086 rant,
502 2019 589 2099 quo
612 1991 751 2074 elatus¹
770 1993 949 2072 maxime
966 2019 1009 2075 se
1027 1989 1173 2072 dolere
1192 1989 1302 2068 dixit
1314 1984 1359 2062 (1)

364 2139 483 2244 quod
508 2137 582 2218 ille
618 2166 716 2223 suus
743 2136 924 2232 Cicero,
947 2163 1064 2245 quent
1096 2138 1202 2214 inter
1226 2159 1360 2216 omncs

361 2286 580 2394 scriptores
601 2289 788 2396 gentium
815 2282 1043 2365 mirabatur
1060 2308 1111 2362 ac
1137 2280 1363 2392 diligebat,

349 2433 531 2514 ¹minime
555 2435 719 2512 veritus
744 2453 850 2510 esset
870 2431 1230 2518 assentationibus
1255 2427 1360 2516 Iulii

365 2574 559 2666 Caesaris
585 2577 929 2660 benevolentiam
955 2576 1182 2688 colligere3
1207 2601 1249 2656 se
1267 2578 1362 2681 quja

364 2723 459 2804 dem
484 2723 613 2804 talem
638 2751 800 2832 semper
824 2724 913 2804 iore
939 2723 1172 2832 spondens,
1197 2742 1246 2804 ut
1272 2743 1362 2810 tum

362 2873 408 2951 in
434 2871 673 2968 laudando,
691 2891 783 2954 tum
806 2874 850 2952 in
876 2869 1226 2982 reprehendendo
1253 2899 1361 2952 nun·

362 3045 489 3123 quarn
515 3044 540 3096 a
565 3021 749 3110 veritate
774 3019 1037 3100 discederet.

774 3275 955 3346 XXXV.

434 3451 516 3534 Sed
543 3475 592 3535 ut
619 3455 789 3552 redeat,
814 3456 928 3536 unde
958 3455 1144 3568 digressa
1173 3477 1236 3538 est
1263 3486 1357 3538 ora·-

363 3602 443 3696 tio‚
467 3629 658 3712 magnam
682 3602 874 3710 profecto
898 3603 1067 3684 laudern
1096 3596 1258 3686 tribues
1283 3604 1360 3684 Pe·

362 3749 584 3846 triarchas,
613 3752 731 3857 quod
757 3779 957 3861 per-eum
984 3781 1070 3836 non
1099 3753 1233 3854 solnm
1262 3752 1359 3832 lati-

363 3923 442 3974 nae
467 3895 638 3976 litterae
663 3899 736 3978 sed
762 3901 890 3992 etiam
921 3927 1097 4010 graecae
1131 3901 1356 3989 restitutae

363 4123 449 4144 ἈΝ-Ι
455 4124 1357 4149 ΟΜΜΟΟΜΝΟΜΝΜΜ

424 4213 470 4290 (r)
487 4215 590 4272 Initio
605 4213 681 4272 libri
697 4213 736 4270 de
753 4217 829 4290 Rep.
846 4215 971 4295 optime
986 4217 1263 4277 administranda.
