<?xml version="1.0" encoding="UTF-8"?>
<!DOCTYPE html PUBLIC "-//W3C//DTD XHTML 1.0 Transitional//EN"
    "http://www.w3.org/TR/xhtml1/DTD/xhtml1-transitional.dtd">
<html xmlns="http://www.w3.org/1999/xhtml" xml:lang="en" lang="en">
 <head>
  <title>
</title>
<meta http-equiv="Content-Type" content="text/html;charset=utf-8" />
  <meta name='ocr-system' content='tesseract 3.04.00' />
  <meta name='ocr-capabilities' content='ocr_page ocr_carea ocr_par ocr_line ocrx_word'/>
</head>
<body>
  <div class='ocr_page' id='page_1' title='image "./franciscipetrar00fabrgoog_0028.png"; bbox 0 0 4254 5824; ppageno 0'>
   <div class='ocr_carea' id='block_1_1' title="bbox 844 673 905 744">
    <p class='ocr_par' dir='ltr' id='par_1_1' title="bbox 844 673 905 744">
     <span class='ocr_line' id='line_1_1' title="bbox 844 673 905 744; baseline 0 0"><span class='ocrx_word' id='word_1_1' title='bbox 844 673 905 744; x_wconf 76' lang='grc' dir='ltr'><strong>ΙΙ</strong></span> 
     </span>
    </p>
   </div>
   <div class='ocr_carea' id='block_1_2' title="bbox 378 851 1468 3314">
    <p class='ocr_par' dir='ltr' id='par_1_2' title="bbox 378 851 1468 3314">
     <span class='ocr_line' id='line_1_2' title="bbox 382 851 1373 960; baseline -0.008 -20"><span class='ocrx_word' id='word_1_2' title='bbox 382 889 430 940; x_wconf 91' lang='lat' dir='ltr'><strong>ac</strong></span> <span class='ocrx_word' id='word_1_3' title='bbox 456 855 630 940; x_wconf 70' lang='lat' dir='ltr'><strong>diuitias</strong></span> <span class='ocrx_word' id='word_1_4' title='bbox 652 851 903 933; x_wconf 89' lang='lat' dir='ltr'><strong>obtinendas</strong></span> <span class='ocrx_word' id='word_1_5' title='bbox 927 852 1243 947; x_wconf 81' lang='lat' dir='ltr'><strong>incitabantur,</strong></span> <span class='ocrx_word' id='word_1_6' title='bbox 1263 878 1373 960; x_wconf 86' lang='lat' dir='ltr'><strong>quae</strong></span> 
     </span>
     <span class='ocr_line' id='line_1_3' title="bbox 378 1001 1375 1119; baseline -0.008 -31"><span class='ocrx_word' id='word_1_7' title='bbox 378 1037 457 1119; x_wconf 87' lang='lat' dir='ltr'><strong>per</strong></span> <span class='ocrx_word' id='word_1_8' title='bbox 482 1005 611 1086; x_wconf 87' lang='lat' dir='ltr'><strong>malas</strong></span> <span class='ocrx_word' id='word_1_9' title='bbox 638 1026 748 1084; x_wconf 86' lang='lat' dir='ltr'><strong>artes</strong></span> <span class='ocrx_word' id='word_1_10' title='bbox 770 1001 959 1081; x_wconf 88' lang='lat' dir='ltr'><strong>homines</strong></span> <span class='ocrx_word' id='word_1_11' title='bbox 985 1003 1130 1110; x_wconf 82' lang='lat' dir='ltr'><strong>adepti</strong></span> <span class='ocrx_word' id='word_1_12' title='bbox 1154 1020 1298 1095; x_wconf 88' lang='lat' dir='ltr'><strong>erant,</strong></span> <span class='ocrx_word' id='word_1_13' title='bbox 1325 1029 1375 1080; x_wconf 91' lang='lat' dir='ltr'><strong>ea</strong></span> 
     </span>
     <span class='ocr_line' id='line_1_4' title="bbox 379 1143 1393 1266; baseline -0.007 -31"><span class='ocrx_word' id='word_1_14' title='bbox 379 1183 457 1266; x_wconf 89' lang='lat' dir='ltr'><strong>per</strong></span> <span class='ocrx_word' id='word_1_15' title='bbox 483 1155 695 1234; x_wconf 87' lang='lat' dir='ltr'><strong>luxuriam</strong></span> <span class='ocrx_word' id='word_1_16' title='bbox 713 1150 1013 1246; x_wconf 83' lang='lat' dir='ltr'><strong>effundebant,</strong></span> <span class='ocrx_word' id='word_1_17' title='bbox 1040 1143 1222 1231; x_wconf 86' lang='lat' dir='ltr'><strong>avaritia</strong></span> <span class='ocrx_word' id='word_1_18' title='bbox 1250 1170 1393 1256; x_wconf 71' lang='lat' dir='ltr'><strong>atque</strong></span> 
     </span>
     <span class='ocr_line' id='line_1_5' title="bbox 382 1289 1378 1408; baseline -0.008 -24"><span class='ocrx_word' id='word_1_19' title='bbox 382 1291 558 1384; x_wconf 84' lang='lat' dir='ltr'><strong>ambitio</strong></span> <span class='ocrx_word' id='word_1_20' title='bbox 585 1300 708 1398; x_wconf 89' lang='lat' dir='ltr'><strong>fidem</strong></span> <span class='ocrx_word' id='word_1_21' title='bbox 738 1298 1082 1408; x_wconf 77' lang='lat' dir='ltr'><strong>probitatemque</strong></span> <span class='ocrx_word' id='word_1_22' title='bbox 1114 1289 1378 1394; x_wconf 74' lang='lat' dir='ltr'><strong>everterant,</strong></span> 
     </span>
     <span class='ocr_line' id='line_1_6' title="bbox 384 1445 1381 1557; baseline -0.007 -26"><span class='ocrx_word' id='word_1_23' title='bbox 384 1454 443 1530; x_wconf 86' lang='lat' dir='ltr'><strong>sic</strong></span> <span class='ocrx_word' id='word_1_24' title='bbox 479 1471 527 1531; x_wconf 92' lang='lat' dir='ltr'><strong>ut</strong></span> <span class='ocrx_word' id='word_1_25' title='bbox 565 1449 683 1528; x_wconf 87' lang='lat' dir='ltr'><strong>aliud</strong></span> <span class='ocrx_word' id='word_1_26' title='bbox 719 1447 909 1527; x_wconf 91' lang='lat' dir='ltr'><strong>clausum</strong></span> <span class='ocrx_word' id='word_1_27' title='bbox 949 1450 994 1526; x_wconf 87' lang='lat' dir='ltr'><strong>in</strong></span> <span class='ocrx_word' id='word_1_28' title='bbox 1031 1469 1227 1557; x_wconf 78' lang='lat' dir='ltr'><strong>pectore,</strong></span> <span class='ocrx_word' id='word_1_29' title='bbox 1265 1445 1381 1525; x_wconf 91' lang='lat' dir='ltr'><strong>aliud</strong></span> 
     </span>
     <span class='ocr_line' id='line_1_7' title="bbox 383 1594 1383 1712; baseline -0.007 -31"><span class='ocrx_word' id='word_1_30' title='bbox 383 1619 623 1712; x_wconf 91' lang='lat' dir='ltr'><strong>promptum</strong></span> <span class='ocrx_word' id='word_1_31' title='bbox 655 1601 704 1678; x_wconf 93' lang='lat' dir='ltr'><strong>in</strong></span> <span class='ocrx_word' id='word_1_32' title='bbox 727 1598 875 1709; x_wconf 84' lang='lat' dir='ltr'><strong>lingua</strong></span> <span class='ocrx_word' id='word_1_33' title='bbox 897 1594 1080 1693; x_wconf 88' lang='lat' dir='ltr'><strong>habere,</strong></span> <span class='ocrx_word' id='word_1_34' title='bbox 1105 1619 1147 1676; x_wconf 90' lang='lat' dir='ltr'><strong>et</strong></span> <span class='ocrx_word' id='word_1_35' title='bbox 1178 1596 1383 1674; x_wconf 78' lang='lat' dir='ltr'><strong>amicitias</strong></span> 
     </span>
     <span class='ocr_line' id='line_1_8' title="bbox 382 1746 1384 1854; baseline -0.006 -27"><span class='ocrx_word' id='word_1_36' title='bbox 382 1749 712 1854; x_wconf 82' lang='lat' dir='ltr'><strong>inimicitiasque</strong></span> <span class='ocrx_word' id='word_1_37' title='bbox 737 1765 827 1826; x_wconf 87' lang='lat' dir='ltr'><strong>&#39;non</strong></span> <span class='ocrx_word' id='word_1_38' title='bbox 856 1773 1002 1840; x_wconf 84' lang='lat' dir='ltr'><strong>exre,</strong></span> <span class='ocrx_word' id='word_1_39' title='bbox 1029 1746 1101 1825; x_wconf 85' lang='lat' dir='ltr'><strong>sed</strong></span> <span class='ocrx_word' id='word_1_40' title='bbox 1130 1773 1181 1822; x_wconf 82' lang='lat' dir='ltr'><strong>ex</strong></span> <span class='ocrx_word' id='word_1_41' title='bbox 1208 1768 1384 1822; x_wconf 91' lang='lat' dir='ltr'><strong>commo-</strong></span> 
     </span>
     <span class='ocr_line' id='line_1_9' title="bbox 382 1881 1384 2003; baseline -0.004 -29"><span class='ocrx_word' id='word_1_42' title='bbox 382 1895 436 1974; x_wconf 87' lang='lat' dir='ltr'><strong>do</strong></span> <span class='ocrx_word' id='word_1_43' title='bbox 463 1896 682 1975; x_wconf 86' lang='lat' dir='ltr'><strong>aestimare</strong></span> <span class='ocrx_word' id='word_1_44' title='bbox 707 1894 937 2003; x_wconf 89' lang='lat' dir='ltr'><strong>prudentia</strong></span> <span class='ocrx_word' id='word_1_45' title='bbox 968 1881 1384 2001; x_wconf 71' lang='lat' dir='ltr'><strong>appellaretu1·&#39;,·stul·</strong></span> 
     </span>
     <span class='ocr_line' id='line_1_10' title="bbox 383 2037 1384 2154; baseline -0.006 -33"><span class='ocrx_word' id='word_1_46' title='bbox 383 2069 483 2152; x_wconf 89' lang='lat' dir='ltr'><strong>pra,</strong></span> <span class='ocrx_word' id='word_1_47' title='bbox 496 2041 708 2121; x_wconf 90' lang='lat' dir='ltr'><strong>adulteria</strong></span> <span class='ocrx_word' id='word_1_48' title='bbox 732 2061 774 2154; x_wconf 77' lang='lat' dir='ltr'><strong>et</strong></span> <span class='ocrx_word' id='word_1_49' title='bbox 794 2068 914 2119; x_wconf 91' lang='lat' dir='ltr'><strong>omne</strong></span> <span class='ocrx_word' id='word_1_50' title='bbox 935 2038 1020 2120; x_wconf 89' lang='lat' dir='ltr'><strong>tale</strong></span> <span class='ocrx_word' id='word_1_51' title='bbox 1040 2039 1245 2151; x_wconf 87' lang='lat' dir='ltr'><strong>flagitium</strong></span> <span class='ocrx_word' id='word_1_52' title='bbox 1264 2037 1384 2123; x_wconf 76' lang='lat' dir='ltr'><strong>malis</strong></span> 
     </span>
     <span class='ocr_line' id='line_1_11' title="bbox 384 2186 1383 2296; baseline -0.002 -30"><span class='ocrx_word' id='word_1_53' title='bbox 384 2187 587 2296; x_wconf 87' lang='lat' dir='ltr'><strong>exemplis</strong></span> <span class='ocrx_word' id='word_1_54' title='bbox 614 2187 792 2294; x_wconf 90' lang='lat' dir='ltr'><strong>aliisque</strong></span> <span class='ocrx_word' id='word_1_55' title='bbox 819 2186 1033 2267; x_wconf 84' lang='lat' dir='ltr'><strong>illecebris</strong></span> <span class='ocrx_word' id='word_1_56' title='bbox 1059 2187 1383 2281; x_wconf 81' lang='lat' dir='ltr'><strong>excitabantur,</strong></span> 
     </span>
     <span class='ocr_line' id='line_1_12' title="bbox 382 2333 1385 2441; baseline -0.001 -27"><span class='ocrx_word' id='word_1_57' title='bbox 382 2333 548 2414; x_wconf 90' lang='lat' dir='ltr'><strong>nullum</strong></span> <span class='ocrx_word' id='word_1_58' title='bbox 566 2335 752 2441; x_wconf 87' lang='lat' dir='ltr'><strong>denique</strong></span> <span class='ocrx_word' id='word_1_59' title='bbox 777 2335 933 2429; x_wconf 88' lang='lat' dir='ltr'><strong>scelus,</strong></span> <span class='ocrx_word' id='word_1_60' title='bbox 959 2334 1128 2422; x_wconf 87' lang='lat' dir='ltr'><strong>nullum</strong></span> <span class='ocrx_word' id='word_1_61' title='bbox 1150 2333 1306 2413; x_wconf 86' lang='lat' dir='ltr'><strong>malum</strong></span> <span class='ocrx_word' id='word_1_62' title='bbox 1328 2334 1385 2413; x_wconf 87' lang='lat' dir='ltr'><strong>fa·</strong></span> 
     </span>
     <span class='ocr_line' id='line_1_13' title="bbox 385 2473 1386 2589; baseline -0.004 -25"><span class='ocrx_word' id='word_1_63' title='bbox 385 2485 504 2564; x_wconf 86' lang='lat' dir='ltr'><strong>cinus</strong></span> <span class='ocrx_word' id='word_1_64' title='bbox 533 2503 650 2577; x_wconf 89' lang='lat' dir='ltr'><strong>erat,</strong></span> <span class='ocrx_word' id='word_1_65' title='bbox 670 2481 787 2588; x_wconf 89' lang='lat' dir='ltr'><strong>quod</strong></span> <span class='ocrx_word' id='word_1_66' title='bbox 812 2509 863 2559; x_wconf 89' lang='lat' dir='ltr'><strong>eo</strong></span> <span class='ocrx_word' id='word_1_67' title='bbox 887 2483 933 2560; x_wconf 91' lang='lat' dir='ltr'><strong>in</strong></span> <span class='ocrx_word' id='word_1_68' title='bbox 956 2473 1073 2575; x_wconf 70' lang='lat' dir='ltr'><strong>loco&#39;,</strong></span> <span class='ocrx_word' id='word_1_69' title='bbox 1093 2483 1216 2589; x_wconf 90' lang='lat' dir='ltr'><strong>quasi</strong></span> <span class='ocrx_word' id='word_1_70' title='bbox 1239 2483 1285 2560; x_wconf 87' lang='lat' dir='ltr'><strong>in</strong></span> <span class='ocrx_word' id='word_1_71' title='bbox 1311 2509 1386 2560; x_wconf 87' lang='lat' dir='ltr'><strong>sua</strong></span> 
     </span>
     <span class='ocr_line' id='line_1_14' title="bbox 385 2621 1388 2737; baseline -0.003 -28"><span class='ocrx_word' id='word_1_72' title='bbox 385 2632 482 2710; x_wconf 86' lang='lat' dir='ltr'><strong>sede</strong></span> <span class='ocrx_word' id='word_1_73' title='bbox 512 2651 642 2726; x_wconf 88' lang='lat' dir='ltr'><strong>esset,</strong></span> <span class='ocrx_word' id='word_1_74' title='bbox 667 2651 752 2708; x_wconf 86' lang='lat' dir='ltr'><strong>non</strong></span> <span class='ocrx_word' id='word_1_75' title='bbox 781 2621 1005 2709; x_wconf 83' lang='lat' dir='ltr'><strong>extolleret</strong></span> <span class='ocrx_word' id='word_1_76' title='bbox 1038 2650 1187 2737; x_wconf 91' lang='lat' dir='ltr'><strong>caput.</strong></span> <span class='ocrx_word' id='word_1_77' title='bbox 1220 2627 1269 2708; x_wconf 89' lang='lat' dir='ltr'><strong>In</strong></span> <span class='ocrx_word' id='word_1_78' title='bbox 1299 2649 1388 2710; x_wconf 88' lang='lat' dir='ltr'><strong>tam</strong></span> 
     </span>
     <span class='ocr_line' id='line_1_15' title="bbox 385 2772 1389 2886; baseline -0.001 -31"><span class='ocrx_word' id='word_1_79' title='bbox 385 2798 586 2886; x_wconf 88' lang='lat' dir='ltr'><strong>corrupta</strong></span> <span class='ocrx_word' id='word_1_80' title='bbox 604 2801 777 2884; x_wconf 89' lang='lat' dir='ltr'><strong>tamque</strong></span> <span class='ocrx_word' id='word_1_81' title='bbox 797 2777 1059 2885; x_wconf 89' lang='lat' dir='ltr'><strong>corruptrice</strong></span> <span class='ocrx_word' id='word_1_82' title='bbox 1080 2777 1257 2856; x_wconf 88' lang='lat' dir='ltr'><strong>civitate</strong></span> <span class='ocrx_word' id='word_1_83' title='bbox 1277 2772 1389 2854; x_wconf 75' lang='lat' dir='ltr'><strong>Ghe</strong></span> 
     </span>
     <span class='ocr_line' id='line_1_16' title="bbox 386 2921 1468 3047; baseline -0.001 -44"><span class='ocrx_word' id='word_1_84' title='bbox 386 2926 534 3006; x_wconf 85' lang='lat' dir='ltr'><strong>rardus</strong></span> <span class='ocrx_word' id='word_1_85' title='bbox 548 2923 811 3033; x_wconf 86' lang='lat' dir='ltr'><strong>voluptatem</strong></span> <span class='ocrx_word' id='word_1_86' title='bbox 823 2951 955 3033; x_wconf 89' lang='lat' dir='ltr'><strong>prope</strong></span> <span class='ocrx_word' id='word_1_87' title='bbox 969 2922 1259 3017; x_wconf 88' lang='lat' dir='ltr'><strong>intuens,eius</strong></span> <span class='ocrx_word' id='word_1_88' title='bbox 1271 2921 1388 3002; x_wconf 87' lang='lat' dir='ltr'><strong>blan·</strong></span> <span class='ocrx_word' id='word_1_89' title='bbox 1461 3026 1468 3047; x_wconf 28' lang='lat' dir='ltr'><strong>x</strong></span> 
     </span>
     <span class='ocr_line' id='line_1_17' title="bbox 387 3059 1389 3176; baseline 0.003 -28"><span class='ocrx_word' id='word_1_90' title='bbox 387 3070 504 3150; x_wconf 88' lang='lat' dir='ltr'><strong>ditiis</strong></span> <span class='ocrx_word' id='word_1_91' title='bbox 532 3059 704 3150; x_wconf 85' lang='lat' dir='ltr'><strong>minime</strong></span> <span class='ocrx_word' id='word_1_92' title='bbox 734 3072 924 3166; x_wconf 88' lang='lat' dir='ltr'><strong>obstitit,</strong></span> <span class='ocrx_word' id='word_1_93' title='bbox 956 3069 1145 3176; x_wconf 85' lang='lat' dir='ltr'><strong>adeoque</strong></span> <span class='ocrx_word' id='word_1_94' title='bbox 1174 3071 1215 3150; x_wconf 89' lang='lat' dir='ltr'><strong>ei</strong></span> <span class='ocrx_word' id='word_1_95' title='bbox 1247 3099 1288 3148; x_wconf 90' lang='lat' dir='ltr'><strong>se</strong></span> <span class='ocrx_word' id='word_1_96' title='bbox 1318 3071 1389 3152; x_wconf 83' lang='lat' dir='ltr'><strong>de·</strong></span> 
     </span>
     <span class='ocr_line' id='line_1_18' title="bbox 386 3209 1386 3314; baseline 0 -18"><span class='ocrx_word' id='word_1_97' title='bbox 386 3219 449 3298; x_wconf 91' lang='lat' dir='ltr'><strong>dit</strong></span> <span class='ocrx_word' id='word_1_98' title='bbox 463 3209 542 3314; x_wconf 79' lang='lat' dir='ltr'><strong>,ut</strong></span> <span class='ocrx_word' id='word_1_99' title='bbox 567 3245 687 3296; x_wconf 88' lang='lat' dir='ltr'><strong>omne</strong></span> <span class='ocrx_word' id='word_1_100' title='bbox 708 3219 837 3297; x_wconf 91' lang='lat' dir='ltr'><strong>animi</strong></span> <span class='ocrx_word' id='word_1_101' title='bbox 857 3211 1000 3296; x_wconf 81' lang='lat' dir='ltr'><strong>lumen</strong></span> <span class='ocrx_word' id='word_1_102' title='bbox 1020 3220 1065 3294; x_wconf 90' lang='lat' dir='ltr'><strong>in</strong></span> <span class='ocrx_word' id='word_1_103' title='bbox 1084 3245 1134 3296; x_wconf 83' lang='lat' dir='ltr'><strong>co</strong></span> <span class='ocrx_word' id='word_1_104' title='bbox 1152 3217 1386 3298; x_wconf 82' lang='lat' dir='ltr'><strong>extinctum</strong></span> 
     </span>
    </p>
   </div>
   <div class='ocr_carea' id='block_1_3' title="bbox 386 3363 1389 3474">
    <p class='ocr_par' dir='ltr' id='par_1_3' title="bbox 386 3363 1389 3474">
     <span class='ocr_line' id='line_1_19' title="bbox 386 3363 1389 3474; baseline 0.001 -32"><span class='ocrx_word' id='word_1_105' title='bbox 386 3393 472 3443; x_wconf 91' lang='lat' dir='ltr'><strong>esse</strong></span> <span class='ocrx_word' id='word_1_106' title='bbox 494 3366 731 3447; x_wconf 87' lang='lat' dir='ltr'><strong>videretur.</strong></span> <span class='ocrx_word' id='word_1_107' title='bbox 757 3364 1031 3473; x_wconf 85' lang='lat' dir='ltr'><strong>Neutiquam</strong></span> <span class='ocrx_word' id='word_1_108' title='bbox 1048 3363 1272 3445; x_wconf 86' lang='lat' dir='ltr'><strong>Francisco</strong></span> <span class='ocrx_word' id='word_1_109' title='bbox 1296 3393 1389 3474; x_wconf 84' lang='lat' dir='ltr'><strong>pro·</strong></span> 
     </span>
    </p>
   </div>
   <div class='ocr_carea' id='block_1_4' title="bbox 329 3511 1458 4359">
    <p class='ocr_par' dir='ltr' id='par_1_4' title="bbox 329 3511 1458 4359">
     <span class='ocr_line' id='line_1_20' title="bbox 385 3511 1387 3622; baseline -0.005 -28"><span class='ocrx_word' id='word_1_110' title='bbox 385 3511 479 3594; x_wconf 87' lang='lat' dir='ltr'><strong>bari</strong></span> <span class='ocrx_word' id='word_1_111' title='bbox 508 3515 650 3622; x_wconf 88' lang='lat' dir='ltr'><strong>potuit</strong></span> <span class='ocrx_word' id='word_1_112' title='bbox 679 3533 765 3594; x_wconf 90' lang='lat' dir='ltr'><strong>tam</strong></span> <span class='ocrx_word' id='word_1_113' title='bbox 794 3512 965 3620; x_wconf 88' lang='lat' dir='ltr'><strong>perdita</strong></span> <span class='ocrx_word' id='word_1_114' title='bbox 994 3511 1153 3606; x_wconf 86' lang='lat' dir='ltr'><strong>libido,</strong></span> <span class='ocrx_word' id='word_1_115' title='bbox 1182 3541 1207 3590; x_wconf 91' lang='lat' dir='ltr'><strong>a</strong></span> <span class='ocrx_word' id='word_1_116' title='bbox 1230 3538 1315 3617; x_wconf 88' lang='lat' dir='ltr'><strong>qua</strong></span> <span class='ocrx_word' id='word_1_117' title='bbox 1339 3531 1387 3590; x_wconf 93' lang='lat' dir='ltr'><strong>ut</strong></span> 
     </span>
     <span class='ocr_line' id='line_1_21' title="bbox 384 3658 1390 3771; baseline 0.003 -37"><span class='ocrx_word' id='word_1_118' title='bbox 384 3659 521 3765; x_wconf 87' lang='lat' dir='ltr'><strong>ipsum</strong></span> <span class='ocrx_word' id='word_1_119' title='bbox 553 3683 739 3756; x_wconf 79' lang='lat' dir='ltr'><strong>arceret,</strong></span> <span class='ocrx_word' id='word_1_120' title='bbox 770 3689 895 3771; x_wconf 87' lang='lat' dir='ltr'><strong>saepe</strong></span> <span class='ocrx_word' id='word_1_121' title='bbox 920 3661 986 3740; x_wconf 87' lang='lat' dir='ltr'><strong>illi</strong></span> <span class='ocrx_word' id='word_1_122' title='bbox 1017 3663 1127 3740; x_wconf 76' lang='lat' dir='ltr'><strong>ante‘</strong></span> <span class='ocrx_word' id='word_1_123' title='bbox 1147 3658 1291 3738; x_wconf 84' lang='lat' dir='ltr'><strong>oculos</strong></span> <span class='ocrx_word' id='word_1_124' title='bbox 1317 3687 1390 3767; x_wconf 89' lang='lat' dir='ltr'><strong>po·</strong></span> 
     </span>
     <span class='ocr_line' id='line_1_22' title="bbox 386 3775 1458 3918; baseline 0.007 -38"><span class='ocrx_word' id='word_1_125' title='bbox 386 3804 681 3917; x_wconf 27' lang='lat' dir='ltr'><strong>nebat,¹quae</strong></span> <span class='ocrx_word' id='word_1_126' title='bbox 718 3837 769 3888; x_wconf 86' lang='lat' dir='ltr'><strong>ex</strong></span> <span class='ocrx_word' id='word_1_127' title='bbox 800 3839 849 3888; x_wconf 90' lang='lat' dir='ltr'><strong>ea</strong></span> <span class='ocrx_word' id='word_1_128' title='bbox 881 3809 991 3888; x_wconf 89' lang='lat' dir='ltr'><strong>mala</strong></span> <span class='ocrx_word' id='word_1_129' title='bbox 1017 3829 1059 3887; x_wconf 92' lang='lat' dir='ltr'><strong>et</strong></span> <span class='ocrx_word' id='word_1_130' title='bbox 1090 3806 1283 3918; x_wconf 88' lang='lat' dir='ltr'><strong>pericula</strong></span> <span class='ocrx_word' id='word_1_131' title='bbox 1306 3775 1387 3887; x_wconf 87' lang='lat' dir='ltr'><strong>na-</strong></span> <span class='ocrx_word' id='word_1_132' title='bbox 1453 3803 1458 3818; x_wconf 61' lang='grc'><strong>“</strong></span> 
     </span>
     <span class='ocr_line' id='line_1_23' title="bbox 387 3931 1390 4065; baseline 0.007 -37"><span class='ocrx_word' id='word_1_133' title='bbox 387 3971 623 4032; x_wconf 88' lang='lat' dir='ltr'><strong>scerentur.</strong></span> <span class='ocrx_word' id='word_1_134' title='bbox 649 3953 732 4035; x_wconf 92' lang='lat' dir='ltr'><strong>Sed</strong></span> <span class='ocrx_word' id='word_1_135' title='bbox 757 3931 873 4065; x_wconf 85' lang='lat' dir='ltr'><strong>quod</strong></span> <span class='ocrx_word' id='word_1_136' title='bbox 905 3957 1046 4038; x_wconf 87' lang='lat' dir='ltr'><strong>fratris</strong></span> <span class='ocrx_word' id='word_1_137' title='bbox 1078 3955 1390 4039; x_wconf 86' lang='lat' dir='ltr'><strong>benevolentis-</strong></span> 
     </span>
     <span class='ocr_line' id='line_1_24' title="bbox 329 4097 1387 4214; baseline 0.008 -40"><span class='ocrx_word' id='word_1_138' title='bbox 329 4107 335 4118; x_wconf 83' lang='lat'>‘</span> <span class='ocrx_word' id='word_1_139' title='bbox 387 4099 479 4178; x_wconf 90' lang='lat' dir='ltr'><strong>simi</strong></span> <span class='ocrx_word' id='word_1_140' title='bbox 506 4097 717 4214; x_wconf 87' lang='lat' dir='ltr'><strong>lacrymae</strong></span> <span class='ocrx_word' id='word_1_141' title='bbox 744 4126 787 4186; x_wconf 90' lang='lat' dir='ltr'><strong>et</strong></span> <span class='ocrx_word' id='word_1_142' title='bbox 811 4107 971 4186; x_wconf 89' lang='lat' dir='ltr'><strong>monita</strong></span> <span class='ocrx_word' id='word_1_143' title='bbox 995 4105 1165 4186; x_wconf 91' lang='lat' dir='ltr'><strong>minime</strong></span> <span class='ocrx_word' id='word_1_144' title='bbox 1191 4105 1387 4184; x_wconf 88' lang='lat' dir='ltr'><strong>obtinue-</strong></span> 
     </span>
     <span class='ocr_line' id='line_1_25' title="bbox 390 4246 1390 4359; baseline 0.008 -39"><span class='ocrx_word' id='word_1_145' title='bbox 390 4265 514 4340; x_wconf 88' lang='lat' dir='ltr'><strong>runt,</strong></span> <span class='ocrx_word' id='word_1_146' title='bbox 545 4274 661 4325; x_wconf 89' lang='lat' dir='ltr'><strong>casus</strong></span> <span class='ocrx_word' id='word_1_147' title='bbox 693 4246 851 4330; x_wconf 86' lang='lat' dir='ltr'><strong>effecit.</strong></span> <span class='ocrx_word' id='word_1_148' title='bbox 878 4247 989 4329; x_wconf 89' lang='lat' dir='ltr'><strong>Nam</strong></span> <span class='ocrx_word' id='word_1_149' title='bbox 1018 4279 1114 4331; x_wconf 93' lang='lat' dir='ltr'><strong>cum</strong></span> <span class='ocrx_word' id='word_1_150' title='bbox 1138 4272 1262 4359; x_wconf 91' lang='lat' dir='ltr'><strong>rapta</strong></span> <span class='ocrx_word' id='word_1_151' title='bbox 1288 4251 1390 4332; x_wconf 86' lang='lat' dir='ltr'><strong>fuis-</strong></span> 
     </span>
    </p>
   </div>
   <div class='ocr_carea' id='block_1_5' title="bbox 0 0 2143 5824">
    <p class='ocr_par' dir='ltr' id='par_1_5' title="bbox 0 0 2143 5824">
     <span class='ocr_line' id='line_1_26' title="bbox 0 0 2143 5824; baseline 0 0"><span class='ocrx_word' id='word_1_152' title='bbox 0 0 2143 5824; x_wconf 95' lang='lat' dir='ltr'><strong> </strong></span> 
     </span>
    </p>
   </div>
  </div>
 </body>
</html>
