4260 5826
814 607 926 713 187

381 809 477 878 velle
490 809 588 878 soit.
611 805 712 887 Duo,
728 821 927 899 antequam
949 801 1073 872 finiam
1093 801 1187 871 hanc
1205 803 1368 895 scriptu·-

376 952 473 1009 ram‚
495 928 665 998 addenda
687 946 790 996 sunt:
819 951 956 1007 unum,
976 926 1079 1019 quod
1108 925 1295 994 modicum
1316 927 1367 992 il-

375 1051 445 1119 lud
468 1069 592 1118 terrae
621 1049 724 1142 quod
750 1048 870 1118 habeo
893 1052 995 1117 ultra
1022 1065 1166 1116 montes
1193 1047 1235 1114 in
1255 1047 1367 1116 comi·

374 1185 455 1238 tatu
481 1170 686 1251 Venusini,
714 1171 755 1238 in
784 1171 878 1239 villa
907 1195 972 1238 seu
1001 1187 1123 1238 castro
1151 1169 1362 1249 Valolusae‚

371 1289 552 1360 dioecesis
573 1290 889 1370 Gavaillonensis,
903 1292 995 1384 quia
1015 1289 1095 1356 sine
1120 1287 1256 1371 dubio,
1276 1312 1366 1360 eun·

372 1409 418 1478 do
434 1413 527 1480 illus
548 1414 612 1480 vel
635 1412 748 1482 etiam
769 1409 1259 1502 mittendo,·quodammodo
1277 1414 1361 1504 plus

370 1533 651 1624 expenderetur
683 1556 794 1625 quam
820 1555 882 1600 res
902 1532 1042 1600 valeat:
1059 1533 1167 1610 volo,
1189 1532 1291 1624 quod
1314 1533 1362 1601 sit

369 1654 575 1746 Hospitalis
594 1654 689 1722 dieti
709 1655 803 1734 looi,
819 1672 855 1720 et
866 1649 912 1721 ¹in
926 1675 1016 1721 usus
1035 1675 1246 1746 pauperum
1261 1651 1366 1720 Chri-

369 1774 436 1840 sti.
459 1773 524 1853 Et,
545 1775 576 1842 si
596 1775 694 1844 forte
710 1777 780 1844 hoc
797 1771 880 1842 fieri
902 1798 977 1843 non
992 1791 1134 1867 posset,
1158 1773 1363 1866 impedien-

367 1910 404 1960 te
420 1895 548 1987 aliquo
569 1896 655 1964 iure
679 1898 740 1968 vel
761 1911 921 1976 statuto,
944 1896 1051 1975 volo,
1073 1895 1176 1987 quod
1197 1896 1244 1962 sit
1262 1893 1365 1963 Ioan-

368 2015 428 2082 nis
461 2034 498 2082 et
528 2015 649 2096 Petri,
679 2016 926 2108 fratrum,'q.
948 2013 1161 2108 Raymundi
1187 2016 1235 2084 de
1265 2014 1365 2108 Ray-

367 2137 535 2215 mundis‚
555 2138 624 2229 qui
645 2137 793 2206 Moneta
817 2139 1065 2206 communiter¹
1087 2136 1304 2216 dicebatur,
1327 2155 1363 2204 et

366 2255 441 2325 fuit
470 2258 715 2351 obsequiosus
744 2277 781 2326 et
808 2257 931 2326 fidelis
960 2258 1055 2326 mibi
1082 2257 1211 2327 valde.
1241 2255 1304 2336 Et,
1328 2257 1359 2323 si
1442 2347 1448 2352 .

366 2375 461 2446 dieti
491 2377 647 2458 fratres,
677 2381 740 2447 vel
768 2401 900 2446 eorum
929 2381 1024 2446 alter
1055 2377 1230 2458 obiisset,
1252 2381 1360 2458 volo,

365 2497 468 2586 quod
485 2499 612 2566 ueniat
634 2497 680 2566 ad
695 2496 791 2566 filios
807 2499 869 2566 vel
890 2515 1064 2590 nepotes,
1085 2499 1123 2565 in
1146 2499 1361 2566 memoriam

366 2614 457 2682 dicti
488 2617 678 2688 Monetae·
707 2619 900 2698 Alterum,
923 2619 1024 2711 qnod
1052 2619 1151 2686 ill'nd
1171 2617 1358 2686 modicum

368 2737 470 2827 quod
491 2739 611 2807 babeo
628 2741 669 2808 in
684 2739 793 2808 bonis
815 2739 1073 2810 immobilibus
1094 2741 1136 2807 in
1159 2738 1282 2808 Padus
1296 2743 1358 2808 vel

365 2858 562 2926 territorio
585 2859 779 2940 Paduano,
795 2863 858 2930 vel
882 2862 922 2928 in
945 2879 1138 2954 posterum
1158 2858 1360 2928 habiturus

365 2999 463 3056 sum,
479 2981 584 3059 volo,
600 2981 704 3072 quod
719 2982 766 3048 sit
783 2981 936 3052 heredis
956 2981 1049 3060 mei,
1065 2999 1107 3048 ut
1131 2997 1272 3049 cetera:
1293 2979 1358 3048 sed

364 3097 432 3165 hac
447 3100 548 3194 lege,
563 3102 666 3194 quod
682 3123 750 3170 nec
772 3125 839 3195 per
856 3125 894 3169 se
916 3124 983 3170 nec
1007 3125 1074 3195 per
1092 3103 1207 3170 alium
1222 3103 1359 3171 horum

366 3221 512 3314 aliquid
536 3223 696 3296 alienari
715 3223 832 3316 possit
847 3221 1088 3302 venditione,
1112 3241 1176 3289 aut
1192 3221 1359 3290 donatio·

365 3366 430 3421 ne,
455 3361 518 3410 aut
539 3361 724 3436 perpetus
738 3344 1020 3434 emphytheosi,
1043 3359 1109 3409 aut
1128 3342 1263 3433 quovis
1285 3342 1361 3408 alio

365 3463 489 3531 modo:
512 3487 580 3531 neo
603 3463 715 3532 etiam
738 3464 934 3558 pignorari
958 3486 1078 3556 usque
1095 3461 1140 3531 ad
1155 3462 1362 3554 completos

364 3606 426 3648 xx.
448 3607 579 3663 annos,
597 3609 617 3651 a
633 3583 694 3651 die
718 3583 791 3650 mei
806 3585 933 3652 obitus
951 3582 1237 3676 computandos:
1255 3580 1357 3674 quod

363 3729 431 3798 pro
443 3705 611 3773 utilitate
628 3705 747 3798 ipsius
763 3706 916 3773 heredis
932 3705 1087 3786 ordiu03
1102 3705 1170 3798 qui
1187 3706 1359 3800 ignoran-

363 3829 416 3896 tia
435 3851 563 3910 terum
583 3825 662 3894 labi
683 3845 824 3920 possen
843 3849 1034 3918 quoscum
1050 3827 1160 3916 plene
1183 3823 1353 3902 noverit,

363 3967 455 4040 puto
483 3971 559 4015 non
586 3945 751 4013 libenter
773 3947 971 4015 alienabit.
1001 3947 1066 4012 Sin
1092 3963 1216 4013 autem
1238 3944 1356 4021 sorte,

364 4070 455 4162 quia
475 4091 601 4138 omnes
623 4091 749 4134 sumus
770 4068 962 4145 mortales,
992 4091 1058 4134 nec
1081 4064 1233 4134 omnino
1256 4063 1358 4130 ullus

364 4208 417 4256 est
438 4191 530 4258 ordo
546 4189 751 4268 moriendi,
767 4187 889 4256 dictus
911 4187 1131 4258 Franciseus
1146 4187 1191 4255 de
1213 4185 1357 4252 Brossa-
