4254 5824
361 861 633 948 Taillerando
673 858 919 954 Cardinali‚
953 856 1087 936 donec
1122 875 1240 965 peste
1280 881 1357 934 an·-

363 1041 417 1095 oo
454 1040 655 1096 Mooonxr
689 1009 907 1092 Avenione
944 1027 1217 1116 consumptus
1250 1003 1355 1084 fuit.

362 1160 571 1265 Triennio*
595 1181 714 1271 post,
745 1157 978 1263 eodemque
1011 1155 1158 1234 morbo
1191 1151 1266 1232 ille
1292 1150 1358 1230 al-

361 1333 428 1390 ter
453 1307 523 1390 c'ui
551 1306 780 1393 Petrarcha
804 1309 936 1386 mirus
954 1303 1229 1410 antiquitatis
1249 1326 1358 1378 ama·

363 1479 432 1538 tor
465 1457 604 1540 Laelii
641 1485 794 1538 nomen
814 1455 968 1561 aedit,
993 1453 1149 1558 cuique
1182 1447 1359 1530 Italicae

362 1629 405 1686 et
430 1603 613 1710 Latinae
637 1603 785 1685 Musae
812 1605 985 1685 fuerunt
1012 1598 1361 1691 secundissimas,

363 1755 408 1832 in
437 1755 601 1863 patria,
625 1775 851 1863 postquam
884 1749 1149 1860 amplissimis
1173 1747 1365 1825 muneri-

363 1901 447 1980 bus
465 1905 512 1982 in
536 1929 587 1983 ea
611 1901 784 1982 functus
809 1899 972 1994 fuerat,
1000 1927 1024 1976 e
1048 1899 1141 1978 vita
1166 1897 1362 1975 excessit.

363 2047 738 2162 Lacrymae‚quas
762 2051 808 2128 in
834 2047 1007 2128 illorum
1028 2046 1153 2126 obitu
1172 2043 1365 2154 profudit

365 2195 621 2296 Petrarcha,
654 2197 874 2280 declarant
912 2197 1088 2306 quidem
1123 2193 1284 2274 firmam
1320 2211 1363 2272 et

363 2345 560 2428 stabilem
586 2375 730 2428 eorum
758 2349 989 2428 amicitiam
1013 2343 1161 2440 fuisse,
1187 2363 1230 2422 et
1258 2367 1366 2448 quos

363 2519 463 2574 usus
499 2495 852 2603 familiaritasque
887 2496 1198 2587 coniunxerat,
1235 2517 1361 2572 verae

365 2639 542 2722 virtutis
562 2628 904 2724 honestissimum
930 2641 1118 2721 fructum
1141 2639 1369 2718 existimas-

363 2814 432 2884 se,
463 2811 614 2873 mutuo
649 2819 788 2872 amore
820 2793 1065 2898 mutuisque
1099 2787 1244 2868 officiis
1280 2783 1361 2864 sibi

366 2937 638 3048 respondere.
667 2937 755 3020 Hos
781 2937 1011 3020 multarum
1030 2935 1277 3016 deliciarum
1305 2960 1369 3012 co·

364 3083 486 3160 mites
520 3082 720 3163 habuisse
757 3105 920 3166 aestate
946 3083 1050 3182 illa,
1075 3111 1163 3192 qua
1187 3079 1368 3162 Lomba-

365 3229 418 3308 rii
452 3229 559 3328 fuit,
583 3230 616 3310 F
620 3234 833 3350 ranciseus
870 3235 960 3343 ipse
995 3252 1205 3326 testatur,
1231 3233 1290 3310 sic
1314 3251 1364 3310 ut

365 3403 587 3485 nunquam
621 3361 738 3460 illius
772 3381 1004 3462 beatissimi
1029 3381 1256 3490 temporis,
1281 3404 1367 3485 quo

364 3523 533 3609 nullum
555 3531 601 3610 in
620 3531 712 3610 vita
730 3513 960 3612 iucundius
979 3529 1061 3610 sibi
1089 3529 1268 3638 obtigit,
1287 3515 1369 3604 nie-

364 3678 538 3754 moriam
572 3677 838 3788 deposuerit.
876 3677 982 3758 Inde
1007 3673 1269 3756 Avenionem
1306 3699 1369 3752 re-

365 3819 485 3900 'diens
512 3849 607 3904 cum
633 3848 814 3936 patrono
840 3855 913 3906 suo
945 3823 1367 3917 benevolentissimo,
1415 3905 1438 3914 ᾗ

368 3991 527 4047 summo
559 3971 640 4050 sibi
673 3973 829 4054 honori·
862 4000 1133 4080 summaeque
1167 3970 1366 4050 fortunae

368 4113 518 4212 duxit,
537 4119 652 4226 quod
671 4151 746 4232 per
765 4151 860 4205 eum
878 4126 1063 4204 novisset
1083 4123 1174 4202 eius
1193 4119 1366 4199 fratrem

368 4259 569 4344 Ioannem
590 4262 886 4366 cardinalem,
904 4271 1027 4350 cuius
1044 4271 1205 4364 virtus,
1224 4289 1267 4347 et
1286 4293 1371 4344 ma·

1515 4391 1544 4424 ,f
