4254 5824
1253 638 1319 725 18

790 831 899 910 rium
924 832 968 908 in
987 830 1127 910 verbis
1154 831 1222 913 vel
1250 833 1454 945 eligendis
1479 835 1547 916 vel
1573 843 1781 940 creandis,

789 998 917 1085 atque
936 977 1227 1059 illuminandis
1251 983 1490 1079 sententiis,
1509 1005 1559 1065 ut
1578 1015 1650 1082 ea,
1669 1015 1779 1096 quae

785 1147 954 1222 narrat,
973 1147 1014 1226 te
1034 1125 1177 1208 videre
1202 1149 1347 1237 putes,
1370 1158 1424 1208 ex
1450 1160 1499 1210 eo
1522 1132 1614 1240 ipso
1636 1154 1780 1215 tamen

786 1302 914 1384 quam
939 1275 984 1353 in
1012 1273 1207 1352 omnibus
1232 1274 1364 1354 'rebus
1388 1275 1574 1356 difficilis
1593 1281 1646 1360 sit
1672 1283 1781 1390 opti·-

782 1425 837 1502 mi
851 1420 1057 1530 perfectio
1079 1443 1208 1531 atque
1228 1423 1437 1504 absolutio
1456 1427 1687 1506 existimari
1708 1456 1782 1537 po-

781 1589 880 1650 test.
905 1567 1016 1652 Nam
1033 1577 1157 1681 saepe
1176 1599 1271 1652 cum
1292 1572 1432 1653 verbis
1458 1593 1548 1653 tum
1565 1602 1666 1653 sono
1684 1577 1779 1656 sub-

783 1720 940 1798 rustico
973 1720 1102 1799 refert
1138 1723 1464 1830 antiquitatem,
1497 1722 1664 1802 abiecta
1693 1753 1778 1804 non

782 1893 943 1978 semper
966 1871 1097 1964 vitat,
1122 1872 1273 1979 suique
1299 1870 1615 1996 penesoblitus,
1639 1873 1778 1951 inter·-

780 2014 879 2095 dum
903 2018 987 2096 ime
1010 2019 1176 2097 summis
1201 2018 1424 2113 immiscet,
1445 2017 1642 2126 aquibus
1662 2018 1777 2098 vitiis

779 2184 945 2245 tantum
972 2163 1110 2246 abfuit
1135 2161 1383 2260 Petrarcha,
1409 2185 1477 2259 ut,
1503 2192 1598 2244 cum
1622 2166 1667 2244 in
1685 2193 1777 2244 ver·

779 2311 844 2390 bis
869 2332 912 2393 et
938 2311 1148 2424 eligendis
1172 2304 1340 2424 (neque
1366 2311 1411 2391 id
1444 2313 1580 2420 ipsum
1605 2331 1691 2392 tam
1715 2309 1778 2390 le·

778 2461 893 2568 poris
918 2485 1084 2555 caussa,
1103 2487 1230 2567 quam
1250 2452 1475 2569 ponderis)
1499 2479 1542 2538 et
1568 2456 1773 2538 collocan-

778 2605 864 2703 dis,
896 2628 939 2686 et
970 2633 1192 2686 numerosa
1221 2603 1592 2716 comprehensione
1625 2603 1776 2684 devin-

777 2753 938 2836 ciendis
957 2752 1067 2834 nihil
1084 2782 1171 2834 non
1190 2753 1244 2834 ad
1262 2753 1490 2846 rationem,
1510 2771 1552 2832 et
1571 2770 1775 2857 tanquam

778 2902 832 2980 ad
859 2921 991 2981 artem
1015 2901 1242 3012 dirigeret,
1267 2900 1438 3010 proprie
1470 2897 1773 3009 eleganterque

777 3048 846 3130 vel
869 3051 1106 3128 communia
1126 3049 1266 3143 dicat,
1290 3068 1335 3128 et
1354 3075 1378 3126 a
1397 3047 1610 3156 principio
1637 3069 1771 3151 usque

779 3195 833 3276 ad
851 3217 1085 3276 extremum
1104 3196 1186 3276 sibi
1207 3194 1352 3274 similis
1377 3223 1428 3276 ea
1453 3193 1605 3274 fundat
1630 3192 1773 3270 carmi-

775 3373 855 3440 na,
874 3372 985 3451 quae
1010 3341 1080 3424 vel
1103 3339 1227 3423 Metii
1259 3341 1438 3436 iudicis,
1463 3343 1497 3421 si
1522 3342 1573 3420 iis
1598 3339 1770 3422 vixisset

777 3491 1060 3601 temporibus,
1095 3489 1384 3599 implevissent
1419 3514 1560 3568 aures.
1593 3483 1770 3564 Minime

776 3659 1003 3720 tamenest
1031 3636 1281 3731 tacendum,
1306 3639 1464 3745 ipsum,
1489 3633 1682 3740 quamvis
1706 3631 1772 3710 le·-

777 3774 971 3865 licissime
1005 3783 1114 3864 illud
1154 3785 1396 3864 breviorum
1435 3783 1665 3861 carminum
1698 3805 1774 3889 ge-

776 3959 880 4028 nus,
902 3929 1019 4039 quod
1048 3957 1124 4010 nos
1153 3927 1253 4010 Itali
1279 3929 1456 4010 dicimus
1481 3923 1663 4012 Sonetti,
1688 3945 1772 4003 tra·

778 4081 984 4175 ctaverit,
1008 4079 1186 4158 maiores
1217 4078 1346 4156 etiam
1370 4073 1542 4184 plausus
1572 4073 1769 4152 meruisse

777 4226 862 4304 suis
880 4226 1171 4346 cantionibus,
1196 4227 1240 4303 in
1262 4221 1418 4330 quibus
1435 4249 1568 4332 prope
1590 4215 1771 4328 singula-
