4184 5806
790 601 870 696 35

338 787 507 874 crudele
548 784 707 866 bellum
747 778 1100 862 Columnensibus
1140 780 1333 862 omnibus

339 939 570 1032 intulerat,
600 961 819 1042 nunquam
849 929 1092 1012 deseruerat
1119 929 1256 1012 virtus
1281 929 1336 1008 il·-

339 1089 401 1184 la,
418 1113 531 1194 quae
548 1104 774 1192 etsemper
794 1102 836 1162 et
856 1078 1101 1161 eolalibera
1120 1095 1202 1172 est,
1221 1103 1331 1185 quae

340 1237 469 1316 etiam
492 1236 537 1314 si·
557 1231 733 1342 corpora
746 1251 878 1340 eapte
901 1231 987 1310 sint
1014 1228 1137 1308 armis
1166 1247 1213 1308 et
1238 1253 1335 1306 een·

295 1465 297 1468 ,
340 1383 488 1464 stricta
525 1380 728 1476 vinculis,
763 1382 829 1460 ius
861 1398 1004 1460 tamen
1038 1403 1183 1472 suum,
1216 1393 1258 1457 et
1294 1403 1337 1454 o-

339 1534 498 1612 mnium
522 1557 662 1612 rerum
687 1529 942 1638 impunitam
966 1525 1213 1606 libertatem
1238 1527 1339 1616 reti,-

340 1701 435 1774 net;
460 1703 594 1786 quare
621 1672 853 1756 Petrarcha
876 1673 1126 1782 phoenicem
1151 1699 1203 1753 ex
1228 1673 1341 1752 cine·

341 1821 461 1904 ribus'
485 1821 676 1906 ‘veterum
702 1822 983 1904 Romanorum
1009 1818 1196 1902 Heroum
1220 1848 1341 1926 rena-

341 1993 432 2052 turn
456 1971 576 2052 illum
610 1970 826 2082 appellare
859 1970 1039 2051 solebat.
1065 1968 1178 2048 Huic
1205 1968 1352 2051 frater*¹

344 2139 433 2200 erat
459 2117 637 2199 Ioannes
670 2147 694 2198 a
725 2118 761 2198 S.
782 2117 904 2215 Vita,
936 2120 1013 2226 qui
1045 2116 1164 2198 exilii
1197 2145 1341 2198 caussa

343 2267 417 2348 diu
444 2271 737 2378 peregrinatus
760 2269 900 2350 fuerat
926 2273 972 2349 iu
996 2265 1187 2348 Orientis
1210 2269 1342 2377 regio-

234 2523 239 2532 ἱ
343 2414 487 2511 nibus,
513 2439 555 2497 et
582 2415 662 2494 hoc
692 2443 863 2523 quoque
894 2415 1216 2526 familiarissime
1243 2444 1340 2496 usus

343 2581 413 2642 est·
426 2560 664 2658 Artemone,
690 2563 757 2642 ab·
772 2591 907 2672 eoque
932 2563 1068 2644 multa
1093 2564 1257 2643 curiosa
1282 2563 1342 2642 di·

344 2707 473 2805 dicit,
499 2737 608 2818 quae
644 2710 696 2792 ad
730 2708 936 2807 Persium,
963 2709 1164 2792 Arabiam
1188 2731 1230 2790 et
1257 2707 1342 2792 Ae·-

344 2877 524 2967 gyptutn
549 2859 847 2966 pertinebant,
867 2887 1068 2968 quaeque
1092 2861 1137 2940 in
1163 2859 1342 2940 eudesi-

344 3004 508 3084 derium
526 3009 770 3090 excitarunt
795 3003 1025 3093 multorum
1049 3037 1183 3090 mures
1207 3031 1250 3088 et
1275 3041 1341 3092 ur·

343 3151 416 3231 bes
451 3149 683 3236 invisendi.
708 3154 868 3238 Gratus
904 3161 948 3238 in
979 3185 1096 3255 eum,
1121 3179 1168 3238 ut
1195 3187 1338 3268 perse

343 3321 514 3410 quoque
540 3305 736 3386 solatium
761 3307 936 3415 aliquod
955 3306 1159 3401 haberet,
1178 3335 1340 3386 comoe-

258 3489 263 3497 ’
344 3441 458 3528 diam
491 3449 658 3534 Latinis
687 3454 880 3534 versibus
917 3454 1110 3534 exaravit
1145 3447 1339 3532 Phileto·-

339 3598 451 3705 giam
477 3597 746 3710 inscriptam,
765 3627 892 3710 quam
917 3621 1057 3680 tamen
1079 3599 1253 3708 publica
1276 3599 1340 3680 lu·-

343 3769 391 3822 ee
416 3769 502 3826 non
526 3749 627 3829 satis
651 3751 820 3861 diguam
845 3749 1074 3830 iudicavit.
1092 3745 1138 3823 (¹)
1247 3806 1250 3816 ,

341 4048 1338 4116 munemne-Vanum&

405 4169 449 4249 (ι)
466 4173 579 4232 Famil.
595 4176 667 4234 Lib.
680 4181 750 4236 VII.
766 4181 821 4256 Ep·
837 4197 907 4238 xtr-

1142 4280 1156 4326 5
