4260 5826
1227 629 1345 728 124

718 917 723 928 ι
789 838 899 920 quae
932 808 1064 891 dabat
1099 813 1281 909 monita,
1307 841 1356 893 eo
1391 811 1709 916 referebantur,
1734 843 1782 902 ut

789 963 853 1040 ita
877 987 919 1040 se
947 957 1171 1041 adhiberet
1197 963 1242 1040 in
1276 982 1399 1044 tanta
1428 986 1662 1073 potestate,
1686 969 1785 1048 nul·

785 1107 829 1186 la
862 1107 1021 1188 utalia
1056 1131 1241 1219 potestas
1270 1111 1324 1190 ab
1360 1113 1435 1208 iis,
1462 1115 1620 1221 quibus
1653 1144 1783 1225 prae-

775 1275 905 1354 ·erat,
935 1257 1269 1341 desideraretur.
1296 1259 1415 1342 Inter
1443 1289 1583 1341 omnes
1610 1289 1783 1372 quoque

786 1391 977 1485 constare
1004 1405 1163 1502 video,
1195 1409 1355 1489 factum
1392 1409 1576 1489 consiliis
1610 1408 1784 1514 Petrar-

714 1539 719 1548 ¹
781 1550 968 1648 chae,ut
989 1551 1130 1632 Ticini
1151 1556 1450 1636 institueretur
1461 1555 1671 1670 Lyceum,
1692 1585 1779 1666 quo

782 1719 986 1808 tanquam
1025 1703 1078 1782 ad
1111 1725 1391 1786 mercaturam
1427 1709 1706 1814 ingenuarum
1739 1733 1783 1783 o·

780 1854 940 1932 mnium
958 1847 1280 1962 disciplinarum
1305 1853 1591 1933 adolescentes
1611 1878 1782 1931 concur·
1853 1838 1858 1873 ¹

782 2028 873 2079 rere
907 2021 1098 2110 possent.
1133 1998 1358 2082 Enimvero
1393 2002 1426 2081 si
1461 2027 1570 2081 unus
1604 2002 1780 2108 quaeri-

779 2167 851 2228 tur
881 2146 1030 2244 homo,
1055 2149 1131 2255 qui
1157 2148 1268 2228 domi
1294 2141 1499 2256 forisque,
1524 2150 1600 2256 qui
1633 2151 1679 2228 in
1704 2175 1780 2226 co-

781 2299 972 2410 gnitione
992 2295 1162 2376 illarum
1182 2299 1337 2378 artium
1363 2326 1470 2407 pene
1492 2294 1778 2391 infinitarum,

782 2445 940 2554 quibus
970 2445 1145 2555 publica
1171 2465 1229 2526 et'
1246 2447 1416 2555 privata
1448 2445 1631 2524 felicitas
1665 2471 1778 2522 com-

779 2615 980 2704 paratur,
1015 2596 1205 2702 quique,
1241 2623 1327 2674 non
1363 2593 1496 2673 solum
1530 2593 1576 2671 in
1610 2590 1779 2672 discen-

777 2741 862 2838 do,
892 2743 964 2823 sed
1001 2745 1129 2824 etiam
1154 2744 1200 2822 in
1226 2741 1417 2822 docendo
1453 2738 1776 2849 rationibusque

779 2890 1035 2999 prudentiae
1071 2889 1313 2987 tradendis,
1347 2917 1446 2971 vere
1482 2907 1660 2999 magnus
1690 2887 1776 2968 dici
1833 2913 1837 2920 ·

780 3039 911 3144 possit
927 3095 947 3132 ,.
967 3037 1049 3116 hoc
1075 3040 1245 3118 nomine
1276 3037 1429 3150 dignus
1456 3035 1711 3114 iudicandus
1735 3063 1777 3112 e·

781 3187 837 3266 rit
867 3184 1121 3282 Petraroha,
1144 3187 1266 3294 cuius
1290 3205 1445 3265 natura
1470 3183 1568 3264 talis
1586 3201 1701 3278 erat,
1729 3205 1779 3262 ut

778 3335 907 3414 etiam
926 3336 1023 3414 siue
1059 3334 1255 3415 doctrina
1284 3333 1337 3414 ad
1367 3359 1546 3413 summas
1580 3359 1644 3411 res
1678 3331 1776 3412 ido-

776 3510 857 3561 nea
884 3482 1123 3581 videretur,
1147 3515 1198 3565 ea
1226 3503 1368 3564 autem
1395 3481 1589 3562 adhibita
1607 3501 1669 3561 est
1699 3479 1776 3559 do-

776 3633 945 3729 ctrina,
979 3663 1091 3743 quae
1134 3633 1201 3714 vel
1230 3633 1539 3714 vitiosissimam
1577 3649 1773 3710 naturam

776 3779 968 3860 excolere
996 3784 1221 3890 potuisset.
1251 3779 1395 3881 Quare
1421 3783 1591 3860 minime
1616 3801 1678 3860 est
1704 3779 1777 3856 mi-

776 3924 990 4023 randum,
1023 3931 1057 4007 si
1098 3927 1437 4008 Mediolanenses
1482 3955 1577 4006 eum
1612 3927 1671 4005 sic
1706 3927 1774 4004 in-

775 4075 1029 4173 tuebantur,
1051 4097 1097 4158 ut
1122 4077 1348 4186 quemdam
1373 4103 1425 4154 ex
1451 4071 1666 4155 annalium
1691 4101 1774 4151 me-

777 4225 934 4321 moria,
970 4245 1044 4309 aut
1086 4227 1214 4309 etiam
1252 4253 1275 4303 e
1312 4221 1429 4304 caelo
1467 4221 1659 4304 divinum
1699 4217 1774 4302 ho-
