4254 5824
817 617 898 710 49

364 819 405 871 se
424 791 692 901 praedicare,
712 792 828 899 quod
847 792 988 870 dicere
1009 790 1179 870 solitum
1202 788 1361 900 Scipio-

364 969 458 1019 nem
475 969 500 1018 a
513 937 718 1021 Cicerone
737 940 1222 1048 accepimuS,nunquam
1234 965 1276 1016 se
1290 938 1362 1016 mi-

365 1075 442 1164 nus
468 1089 647 1167 otiosum
674 1115 762 1166 esse
787 1115 916 1194 quam
941 1114 1035 1165 cum
1054 1107 1160 1166 esset
1186 1086 1365 1180 otiosus5

366 1261 442 1312 nee
469 1238 604 1314 minus
630 1235 761 1314 solum
786 1264 914 1343 quam
940 1263 1035 1314 eum
1061 1233 1171 1314 solus
1196 1255 1320 1314 esset.

808 1495 918 1570 XII.

442 1679 537 1760 Vno
564 1680 795 1788 eodemque
831 1661 1018 1788 tempore
1051 1707 1203 1790 magna
1227 1699 1270 1759 et
1295 1709 1368 1762 va-

368 1829 431 1905 ria
457 1831 595 1906 animo
621 1811 846 1922 volvebat,
872 1826 943 1905 sed
973 1829 1133 1938 ingenii
1164 1807 1365 1907 sui'vires

367 1959 420 2052 in‘
449 2003 498 2053 eo
534 1977 782 2085 praesertim
820 1973 1138 2083 profundendas
1173 1977 1366 2083 putavit,

368 2143 415 2201 ut
439 2119 607 2204 Latinis
632 2123 824 2204 versibus
856 2149 1006 2230 poema
1041 2121 1264 2218 conderet,
1290 2150 1366 2231 per

366 2269 481 2376 quod
516 2273 685 2380 poetica
720 2271 842 2350 lauro
878 2269 1168 2350 decoraretur.
1206 2268 1368 2380 Repre-

368 2415 550 2510 hendas‚
576 2421 609 2496 si
634 2417 766 2512 libet,
786 2439 977 2526 poetam,
1002 2418 1118 2524 quod
1143 2439 1367 2527 postquam

369 2564 452 2640 suis
476 2565 520 2642 in
547 2563 707 2644 Italicis
736 2565 992 2643 carminibus
1018 2585 1166 2674 argute
1192 2567 1369 2646 nimium

370 2731 412 2790 et
432 2712 609 2790 nimium
628 2711 874 2818 frequenter
895 2711 947 2790 ad
965 2711 1075 2790 hano
1098 2712 1289 2792 arborem
1308 2745 1372 2794 re-

371 2861 556 2967 spexerit
575 2860 628 2938 ob
653 2842 834 2939 nominis
859 2884 954 2939 eum
983 2862 1066 2938 suis
1088 2862 1298 2942 amoribus
1316 2866 1373 2944 si-

371 3007 678 3102 militudinem,
703 3008 813 3087 hanc
838 3007 894 3086 ob
920 3011 1053 3117 ipsam
1073 3039 1259 3090 caussam
1284 3013 1374 3094 lau-

371 3181 484 3234 ream
511 3181 706 3234 coronam
731 3157 1009 3265 appetiverit,
1033 3157 1150 3262 quod
1170 3157 1370 3242 affirmare

370 3331 456 3382 non
479 3303 696 3397 auderem,
722 3304 803 3382 nisi
823 3304 911 3382 eius
931 3304 1170 3384 testimonio
1189 3317 1373 3416 compro·

370 3451 517 3535 batum
542 3473 646 3532 esset
663 3447 726 3528 (¹).
751 3449 891 3532 Tanta
910 3454 972 3532 vis
997 3473 1087 3532 erat
1111 3452 1287 3535 huiusce
1313 3459 1373 3536 si·-

428 3805 472 3882 (ι)
492 3807 566 3878 Quis
582 3819 712 3883 stupeat
736 3807 804 3880 (his
822 3809 922 3866 uerbis
939 3827 1010 3866 eum
1032 3809 1156 3888 affatur
1171 3815 1371 3892 Augustinus

374 3905 454 3964 Coll.
471 3911 527 3964 111.
543 3913 575 3965 E.
593 3913 624 3965 B.
638 3927 671 3985 p.
686 3911 765 3985 403)
788 3929 863 3969 oum
888 3931 953 3969 non
978 3915 1083 3972 minus
1110 3915 1252 3974 nominis
1275 3937 1373 3992 quam

374 4009 476 4086 ipsius
491 4010 636 4086 eorporis
652 4011 823 4086 splendore
844 4025 980 4092 eaptus,
1001 4016 1161 4094 quidquid
1184 4017 1233 4076 illi
1255 4036 1370 4076 conso-

375 4128 453 4169 num
478 4112 757 4180 fuit‚ineredibili
772 4119 925 4173 vanitate
947 4117 1100 4176 coluisti?
1123 4125 1224 4192 Quam
1241 4120 1282 4178 ob
1297 4139 1376 4179 cau-

376 4233 444 4272 eam
462 4227 633 4295 tantopere
654 4216 724 4275 aive
739 4235 921 4277 caesaream
943 4221 1011 4278 sive
1034 4227 1193 4298 poeticam
1211 4222 1375 4292 lauream,

698 4307 705 4326 ⁹
1178 4317 1193 4361 7
