4260 5826
1243 625 1352 714 JOO

803 800 1018 884 discedens
1051 800 1130 882 hoc
1155 802 1359 886 doluerat.
1376 832 1531 898 unum,
1556 774 1673 912 quod
1699 835 1790 888 eam

801 948 1034 1055 reliquerat
1060 948 1299 1032 domesticis
1324 953 1436 1032 curis
1466 971 1509 1030 et
1533 951 1790 1034 valetudinis

798 1097 1071 1177 incommodis
1090 1124 1344 1205 oppressam.
1371 1096 1627 1206 Quanquam
1645 1099 1789 1180 nullus

800 1245 852 1324 sit
891 1247 1019 1328 animi
1056 1272 1210 1353 angor,
1242 1271 1368 1350 quem
1392 1273 1478 1325 non
1502 1245 1790 1355 longinquitas

797 1394 997 1499 temporis
1017 1394 1180 1470 minuat
1200 1413 1328 1499 atque
1347 1391 1664 1487 molliat‚suum
1683 1423 1790 1476 nune

795 1566 932 1646 quam·
953 1567 1038 1620 non
1064 1538 1202 1620 dicam
1229 1541 1438 1636 abiicere,
1470 1540 1628 1622 sedne
1656 1540 1789 1620 lenire

796 1686 970 1793 quidem
1009 1690 1153 1795 potuit
1189 1687 1437 1782 Petrarcha‚
1472 1690 1542 1768 cui
1572 1690 1663 1768 vita
1698 1689 1788 1794 ipsa

799 1837 966 1944 gravior
992 1834 1239 1918 videbatur.
1271 1834 1336 1916 Ad
1370 1835 1480 1916 hanc
1506 1835 1791 1916 calamitatem

799 1985 970 2064 accessit
997 1983 1136 2078 dolor,
1158 2012 1283 2090 quem
1310 1985 1362 2063 ab
1388 1986 1568 2064 interitu
1592 1987 1706 2093 cepit
1725 2012 1792 2062 ca·

795 2132 1050 2212 rissimorum
1069 2133 1296 2212 amicorum
1312 2131 1483 2212 loannis
1501 2132 1648 2226 Bardi,
1660 2157 1788 2236 quem

794 2283 962 2358 summis
977 2280 1208 2360 honoribus
1225 2302 1396 2360 auctum
1408 2281 1577 2360 Parisiis
1594 2297 1791 2371 noverat,

793 2421 1020 2508 Sennuccii
1047 2427 1232 2506 omnium
1258 2422 1529 2506 consiliorum
1554 2454 1723 2506 suorum
1744 2444 1786 2504 et

795 2575 1065 2658 voluntatum
1084 2577 1326 2683 participis⁹
1351 2573 1558 2685 Paganini
1576 2571 1788 2652 Mediola-

794 2727 931 2803 nensis
959 2749 1133 2834 maguae
1161 2721 1414 2830 prudentiae
1448 2721 1671 2830 magnique
1702 2717 1789 2798 aui-

795 2927 808 2946 ·
813 2925 960 2946 ΝΜΟ
966 2925 1152 2948 '‘m-O„
1156 2923 1284 2948 ”m
1289 2919 1788 2946 ”ssmoomm'

793 3005 921 3082 placeat
938 3009 973 3064 in
992 3006 1051 3062 hec
1069 3008 1155 3074 vita,
1173 3018 1205 3062 et
1223 3004 1356 3064 effracto
1373 3005 1490 3062 maiori
1504 3000 1639 3078 laqueo,
1658 3011 1785 3074 tempus

792 3123 861 3164 esse
877 3106 915 3164 tle
932 3106 1098 3186 Babylone
1115 3106 1278 3183 fugiendi,
1299 3107 1413 3165 erebra
1433 3106 1549 3162 horum
1567 3101 1785 3180 inspectione,

789 3227 831 3268 aa
847 3209 1072 3285 fugacissimae
1086 3209 1205 3266 aetatis
1220 3210 1447 3268 aestimatione
1463 3207 1687 3272 commovear,
1702 3199 1789 3280 quod

789 3313 929 3390 praevia
945 3313 1002 3370 Dei
1017 3314 1123 3388 gratia
1138 3311 1234 3369 facile
1257 3313 1320 3368 erit
1335 3310 1508 3388 praeteriti
1527 3307 1682 3384 temporis
1697 3323 1789 3364 cetrae

792 3435 1030 3494 supervacuus,
1046 3434 1116 3492 spes
1132 3415 1244 3471 inanes
1260 3426 1292 3470 et
1307 3415 1531 3489 inaspectetos
1546 3413 1652 3468 exitus
1667 3408 1786 3466 acriter

709 3549 711 3552 ·
794 3531 826 3576 et
841 3519 985 3579 viriliter
1000 3519 1176 3594 cogitanti.
1194 3525 1387 3596 Quanquam
1403 3521 1514 3575 inultis
1532 3521 1566 3574 in
1583 3519 1662 3574 locis
1678 3513 1794 3570 carmi·

795 3642 870 3682 narn
887 3643 1013 3682 suorum
1025 3623 1182 3704 flebiliter
1196 3623 1547 3682 sane-lumentatussit
1563 3624 1696 3676 Lauroe
1709 3633 1790 3674 suae

794 3728 834 3785 ob
849 3728 912 3786 hac
926 3730 995 3788 vito
1010 3727 1205 3796 discessum,
1222 3745 1306 3804 quae
1322 3743 1430 3784 tamen
1446 3725 1485 3782 de
1500 3724 1557 3780 hoc
1579 3737 1658 3778 cnse
1672 3721 1794 3778 cecinit-

793 3831 962 3907 incapite
982 3833 1000 3884 I
1018 3828 1058 3885 de
1074 3831 1191 3885 Mortis
1210 3827 1404 3905 Triumphe,
1427 3827 1539 3884 dulcia
1562 3825 1644 3884 adeo
1667 3836 1741 3880 sunt
1758 3837 1789 3880 ec

794 3935 927 4004 mollio,
944 3944 978 3989 ut
1000 3936 1159 3988 neminem
1182 3934 1293 3987 animo
1315 3934 1435 4008 agresti
1456 3929 1539 3988 odeo
1554 3942 1586 3985 et
1602 3927 1682 3984 duro
1694 3925 1790 4000 sutu-

796 4053 863 4092 rum
880 4035 1031 4122 arbitrer,
1041 4037 1097 4116 qui
1110 4033 1376 4114 poetaetlolorem
1392 4050 1457 4092 non
1471 4033 1594 4102 doleat,
1611 4017 1789 4106 tantaeque

788 4136 939 4212 feminae
958 4139 1083 4218 gloriae
1106 4153 1204 4216 etque
1224 4135 1317 4194 leudi
1336 4153 1401 4194 non
1420 4133 1590 4204 invideat,
1610 4131 1692 4212 quod
1712 4145 1791 4188 suae

787 4239 918 4314 formae
933 4243 1123 4320 tartarisque
1140 4241 1349 4301 Petrarchom
1364 4253 1557 4316 praeconem
1574 4238 1762 4295 invenisset.
