4254 5824
831 653 904 726 2!

838 942 887 1013 V.

311 1125 312 1130 Ν
396 1173 403 1206 ··
440 1127 595 1239 Neque
620 1132 709 1210 cius
731 1129 867 1238 poesis
893 1125 1086 1240 elanguit
1113 1128 1168 1209 ob
1194 1123 1361 1208 Laurae

367 1307 419 1360 ex
449 1278 529 1358 hac
554 1279 646 1358 vita
670 1275 919 1372 discessum,
945 1279 1052 1383 quin
1086 1279 1210 1356 immo
1235 1275 1365 1386 magis

365 1430 583 1540 magisque
607 1422 757 1505 extolli
777 1427 869 1504 visa
892 1445 974 1519 est,
999 1427 1193 1532 quamvis
1217 1422 1279 1502 nil
1304 1427 1365 1505 ni-

367 1578 400 1654 si
425 1578 549 1656 triste
573 1593 769 1655 caneret.
797 1571 971 1671 Quanta
997 1574 1202 1658 orationis
1234 1575 1365 1654 maie*

368 1744 474 1818 stas,
500 1750 596 1802 cum
621 1717 810 1800 incaelo
836 1722 917 1799 sibi
942 1721 1090 1801 videre.
1113 1721 1285 1802 videtur
1310 1723 1364 1802 il-

369 1868 475 1963 lam,
509 1895 638 1976 quam
679 1867 837 1984 frustra
873 1869 916 1946 in
952 1886 1068 1949 terra
1102 1870 1362 1975 quaerebat,

368 2018 502 2124 ipsam
527 2013 788 2120 alloquitur,
815 2015 906 2092 eius
936 2015 1098 2093 monita
1128 2013 1275 2112 audit,
1300 2045 1366 2096 se-

367 2161 462 2242 dem
481 2181 610 2270 atque
629 2182 845 2244 aeternam
864 2160 1055 2256 domurn,
1073 2163 1119 2240 in
1136 2189 1224 2268 qua
1245 2161 1366 2246 habia

365 2311 515 2405 tabat,
547 2309 777 2403 describit,
811 2335 938 2416 seque
973 2309 1110 2416 ipsum
1141 2308 1364 2416 hortatur,

368 2485 421 2535 ne
445 2449 565 2535 humi
592 2456 774 2566 amplius
801 2483 877 2538 sua
907 2475 1021 2538 mens
1045 2457 1181 2538 defixa
1205 2481 1367 2542 morta-

367 2601 427 2682 lia
445 2625 488 2684 et
510 2604 689 2698 caduca,
710 2625 752 2684 et
772 2603 950 2714 gloriam
969 2607 1101 2713 ipsam
1120 2605 1287 2714 aliquid
1305 2633 1367 2686 es-

368 2777 410 2830 se
436 2753 590 2848 ducat,
616 2753 687 2834 sed
719 2751 917 2834 caelestia
946 2753 1238 2834 tantummodo
1269 2783 1367 2862 spe-

370 2899 477 2980 ctet!
501 2899 622 3001 Quid
651 2927 789 2980 moror
821 2902 1037 2996 interris,
1070 2903 1153 2996 ait,
1178 2903 1285 3008 quin
1309 2903 1364 2984 ad

368 3051 582 3130 tevenire
606 3076 811 3158 propero,
841 3049 1083 3132 beatissima
1108 3052 1269 3146 anima,
1296 3080 1364 3132 cu-

368 3190 434 3271 ius
458 3195 554 3302 ipso
580 3195 749 3276 nomine
775 3223 963 3291 recreor,
990 3198 1197 3303 cuiusque
1223 3200 1365 3280 virtu·-

367 3359 459 3418 tum
482 3345 684 3422 memoria
709 3369 927 3452 nunquam
944 3372 997 3424 ex
1016 3348 1154 3426 animo
1176 3373 1269 3426 meo
1294 3375 1364 3426 ex-

368 3483 511 3567 cidet?
534 3485 649 3571 Dum
669 3517 771 3570 vero
798 3489 945 3571 oculos
970 3491 1023 3570 ad
1044 3513 1200 3572 terram
1218 3495 1367 3588 refert,

367 3653 410 3710 et
449 3635 763 3744 contemplatur
802 3619 934 3732 mala,
971 3637 1130 3744 quibus
1166 3667 1363 3748 oppressa

297 3865 305 3877 ,
371 3800 462 3860 erat
481 3779 629 3878 ltalia,
644 3813 857 3893 quamque
876 3788 1050 3896 indigne
1063 3787 1192 3868 ferret
1211 3787 1362 3870 servile

368 3921 678 4010 Germanorum
703 3936 869 4043 iugum,
894 3932 963 4014 vel
986 3955 1214 4042 patronum
1240 3935 1364 4017 advo·

370 4093 462 4170 cat,
495 4075 571 4182 qui
607 4081 646 4156 ei
681 4099 924 4176 succurrat,
961 4101 1011 4162 ut
1046 4081 1248 4161 bellicum
1273 4078 1361 4192 ipse

371 4247 520 4300 canere
540 4224 756 4319 videatur,
775 4225 843 4306 vel
862 4225 1069 4308 diuturna
1088 4231 1256 4338 ignavia
1274 4249 1362 4306 tur·
