4254 5824
808 661 883 755 5!

355 869 418 930 sta
451 878 474 949 ᾳ
505 847 684 928 Romulo
711 847 922 956 incipiens
955 863 997 924 et
1030 846 1076 924 in
1111 843 1254 924 Titum
1284 869 1346 923 us·

354 996 674 1105 queCaesarcm
695 996 887 1075 desinens
904 993 1143 1073 describere
1165 991 1246 1071 sibi
1259 1017 1350 1102 pro·
1393 1079 1397 1084 ,

354 1167 584 1257 posuerat,
619 1171 704 1224 non
745 1161 914 1252 poterat
953 1169 1039 1223 non
1075 1139 1347 1222 vehementer

355 1285 517 1374 ceteros
541 1287 654 1374 inter
680 1291 878 1370 admirari
905 1285 1271 1403 propugnaculum
1300 1287 1350 1365 il-

355 1441 431 1520 lud
460 1441 564 1522 belli
585 1441 734 1520 Punici
755 1438 797 1518 P.
821 1437 1066 1519 Cornelium
1086 1433 1349 1546 Scipionem,

338 1586 433 1694 'qui
458 1610 521 1670 tot
546 1567 767 1698 praeclara
792 1587 837 1666 in
863 1583 1008 1664 Africa
1040 1586 1189 1696 gessit,
1214 1605 1284 1680 ut,
1311 1610 1355 1660 ο-

353 1739 519 1818 mnium
541 1735 769 1816 clarissimo
795 1733 974 1816 obtento
999 1731 1238 1841 triumpho,
1263 1731 1351 1839 pri·

355 1906 447 1962 mus
477 1885 645 1964 nomine
680 1886 820 1965 victae
858 1879 912 1962 ab
949 1907 990 1960 se
1023 1882 1159 1992 gentis
1194 1879 1351 1960 nobili-

356 2032 653 2126 tatusfuerit.
692 2026 821 2112 Tanti
855 2033 937 2112 viri
978 2029 1161 2140 gloriosa
1195 1993 1356 2107 iacinc-
1463 2109 1466 2116 ,

356 2205 403 2256 ra
431 2177 561 2289 digna
585 2176 708 2287 spico
735 2159 929 2288 poem-ate
953 2177 1147 2285 putavit,
1166 2174 1283 2282 quod
1302 2173 1356 2254 A-

358 2324 503 2408 fricam
525 2325 759 2435 inscripsit.
795 2323 933 2405 Huius
963 2325 1008 2404 in
1037 2325 1182 2404 limine
1211 2349 1355 2402 narra·

356 2499 400 2550 re
426 2475 568 2582 eoepit
589 2499 701 2578 qnae
727 2475 773 2554 in
799 2475 950 2552 somnis
977 2501 1001 2550 a
1024 2494 1146 2581 patre
1175 2499 1269 2552 eum
1288 2497 1356 2550 ac·-

357 2619 515 2726 cepisse
552 2619 731 2699 tradidit
769 2614 943 2721 Qicer0‚
970 2639 1161 2724 quotque
1194 2619 1354 2698 monita

355 2763 581 2860 habuerit,
605 2741 653 2846 ut
678 2726 861 2873 patriam
886 2793 971 2844 non
996 2762 1119 2842 modo
1143 2768 1353 2863 externis,

358 2913 584 2992 sedetiam
612 2913 853 2993 domesticis
888 2912 1091 3021 pericuiis
1126 2911 1355 3011 liberaret,

359 3063 484 3167 eique
525 3059 668 3142 lumen
710 3063 877 3158 animi,¹
901 3063 1061 3172 ingenii
1101 3061 1356 3169 consiliique

357 3208 424 3286 sui
449 3207 709 3288 ostenderet.
735 3203 913 3288 Duobus
939 3237 1072 3315 usque
1107 3208 1228 3290 libris
1251 3209 1356 3290 haec

359 3354 607 3463 complexus
636 3373 722 3448 est,
748 3325 855 3460 quos
888 3382 981 3434 cum
1011 3354 1184 3466 legeris,
1210 3384 1358 3463 quam-

359 3502 422 3580 vis
447 3502 601 3580 eximia
623 3521 665 3582 et
690 3500 938 3608 praeclara,
962 3505 1005 3580 e't
1028 3505 1131 3582 sotis
1154 3501 1266 3583 belle
1292 3503 1357 3580 di-

360 3669 431 3728 cta
463 3647 722 3731 indicaveris
757 3655 868 3757 quae
905 3624 1073 3730 audiuit
1100 3647 1355 3744 Hormine,

362 3793 439 3872 diu
452 3795 581 3874 'nimis
597 3817 740 3876 tamen
761 3798 987 3876 somniasse
1011 3795 1094 3876 tibi
1117 3796 1354 3880 videbitur.

362 3938 582 4021 Credibile
605 3943 780 4048 quidem
807 3949 924 4034 cstn'
945 3946 1080 4053 patris
1110 3945 1237 4024 dictis
1270 3973 1359 4024 ma·-

362 4113 490 4196 gnum
517 4088 704 4170 animum
731 4112 782 4170 et·
798 4092 997 4200 spiritum
1022 4093 1242 4202 sumpsisse
1265 4090 1359 4172 Sci-

364 4234 556 4341 pionem,
574 4239 650 4343 qui
671 4245 745 4346 per
765 4235 959 4318 Laelium
989 4243 1149 4350 gloriae
1175 4262 1217 4320 et
1243 4241 1358 4320 labo-
