4184 5806
830 645 903 753 67

365 851 496 930 somni
522 847 791 957 parcissimus
825 871 1044 953 nunquam
1069 845 1277 924 coenabat
1303 848 1359 923 si·

238 1073 243 1086 ,
363 1025 416 1076 ne
441 996 652 1088 lectione,
675 1011 718 1072 et
743 1018 867 1100 saepe
893 1020 916 1070 e
941 990 1053 1070 lecto
1073 991 1293 1100 surgebat,
1311 1010 1360 1070 ut

364 1145 521 1252 scripto
550 1141 816 1250 consignaret
843 1166 954 1246 quae
978 1137 1158 1249 vigilans
1184 1137 1360 1218 medita-

366 1313 433 1370 tus
458 1309 572 1371 erat.
600 1286 681 1368 Vel
711 1290 803 1366 eius
823 1285 1010 1396 'pellicea
1033 1287 1186 1381 vestis,
1212 1314 1364 1392 quem-

366 1437 590 1519 admodum
621 1435 841 1518 affirmavit
877 1433 1122 1516 Ludovicus
1148 1433 1363 1514 Beccatel-

364 1585 467 1681 lius,
493 1585 628 1667 multa
654 1585 707 1666 ab
741 1613 791 1664 eo
824 1603 998 1663 exarata
1028 1580 1242 1676 habebat,
1266 1603 1363 1662 tan-

368 1755 459 1814 tum
478 1734 741 1815 consuetudo
760 1753 932 1842 poterat
949 1729 1128 1811 notandi
1152 1757 1264 1837 quae
1283 1757 1366 1808 me·

366 1884 498 1959 moria
524 1881 653 1992 digna
678 1879 882 1990 putabat,
908 1882 995 1961 sive
1028 1879 1143 1958 domi
1178 1877 1363 1974 sederet,

366 2028 454 2108 sive
479 2027 581 2107 foris
606 2024 918 2109 deambularet.
945 2023 1067 2106 Istud
1092 2027 1209 2106 vitae
1232 2053 1364 2136 genus

367 2203 619 2287 magnopere
639 2202 738 2255 sane
763 2174 961 2284 proderat
984 2176 1075 2253 eius
1103 2174 1253 2253 studiis
1281 2175 1365 2252 ani·

367 2325 511 2429 mique
542 2322 882 2428 tranquillitati,
908 2323 980 2402 sed
1016 2323 1154 2430 ipsum
1191 2321 1365 2429 abrupit

367 2470 538 2550 honoris
565 2470 799 2578 cupiditas:
833 2470 1003 2548 minime
1023 2473 1135 2548 enirn
1159 2473 1298 2549 ocium
1324 2489 1365 2548 et

369 2613 554 2696 solitudo
575 2615 788 2726 languoris
807 2634 975 2694 tantum
994 2616 1084 2694 eius
1102 2616 1240 2695 animo
1260 2635 1369 2695 attu-

370 2763 657 2871 lerunt,quin
676 2762 816 2842 laudis
835 2783 877 2844 et
897 2762 1055 2874 gloriae
1075 2763 1255 2843 stimulis
1272 2791 1366 2845 oon·

366 2915 594 2993 citaretur.
624 2911 779 3019 Itaque
806 2939 901 2991 cum
925 2940 1011 2990 uno
1037 2910 1270 3017 eodemque
1295 2911 1365 2990 die

368 3061 511 3138 nuntii
538 3060 592 3138 ad
619 3087 714 3138 eum
739 3062 973 3159 venissent,
994 3060 1153 3167 quibus
1176 3080 1219 3140 et
1246 3057 1369 3142 aRo-

370 3211 491 3286 mano
526 3205 686 3288 Senatu
706 3227 770 3287 et
802 3237 827 3286 a
860 3207 1084 3288 Parisiensi
1104 3205 1365 3302 Academia,

371 3355 493 3432 cuius
527 3355 697 3434 nomine
733 3354 898 3435 litteras
926 3354 981 3434 ad
1009 3383 1103 3434 eum
1132 3354 1252 3434 dedit
1278 3353 1368 3434 Ro-

371 3498 518 3580 bertus
544 3499 709 3582 Bardus
743 3501 952 3597 eiusdem,
979 3521 1028 3582 ut
1054 3500 1367 3608 loquebantur,

346 3631 689 3743 'cancellarius,
723 3650 884 3758 magnis
919 3649 1118 3757 precibus
1155 3649 1369 3730 invitaba-

373 3813 444 3872 tur
472 3793 525 3870 ad
549 3793 729 3876 frontem
755 3797 1059 3876 redimiendam
1085 3797 1230 3876 laurea
1257 3824 1370 3875 coro-

372 3967 451 4036 na,
476 3939 591 4046 quod
617 3945 801 4024 omnium
835 3943 1055 4024 doctrinae
1087 3945 1367 4052 praemiorum

374 4085 672 4196 amplissimum
701 4091 999 4190 indicabatur,
1025 4113 1188 4190 tantam
1205 4085 1263 4171 *ex
1288 4090 1367 4170 hac

374 4224 628 4375 invitatiqne
665 4237 875 4320 laetitiam
906 4242 1255 4350 voluptatemque
1297 4267 1369 4318 ce-
