4180 5796
1208 590 1319 681 128

766 780 1011 868 nationem.
1025 783 1106 866 Vel
1125 786 1342 896 Principes
1353 789 1535 870 feminae
1552 791 1675 872 amici
1695 821 1760 871 er-

654 992 660 1002 ·
763 963 815 1047 ga
834 933 956 1013 illum
978 938 1107 1016 animi
1126 939 1368 1017 testimonia
1386 938 1562 1018 dabant.
1583 935 1649 1018 Ab
1669 941 1759 1048 ipso

766 1085 877 1161 enim
899 1085 1048 1162 scimus
1073 1081 1265 1163 Caesaris
1287 1111 1460 1164 uxorem
1485 1085 1538 1164 ad
1560 1114 1657 1164 eum
1679 1115 1763 1166 ma-

762 1259 821 1308 nu
854 1257 928 1308 sua
963 1251 1155 1312 exaratas
1187 1233 1349 1312 dedisse
1380 1234 1571 1331 litteras,
1603 1237 1759 1344 quibus

763 1378 995 1460 nuntiabat
1028 1407 1070 1457 se
1105 1375 1232 1458 filiam
1264 1384 1514 1490 suscepisse,
1539 1381 1762 1464 donatum-

763 1554 848 1634 que
874 1547 964 1605 tum
990 1527 1176 1606 eiusdem
1209 1548 1302 1608 tum
1326 1530 1408 1608 viri
1437 1533 1606 1608 nominc
1633 1557 1760 1610 aureo

649 1687 651 1692 '
763 1701 886 1769 vase,
912 1703 1008 1755 cum
1033 1673 1167 1755 filium
1193 1675 1417 1756 edidisset.
1452 1675 1659 1759 Reversus
1686 1703 1762 1758 ve-

763 1849 808 1899 ro
828 1819 1121 1903 Mediolanum
1144 1825 1392 1905 lustralibus
1413 1828 1533 1933 aquis
1555 1828 1761 1934 suscepit,

764 1999 891 2078 quem
910 1995 1134 2082 pepererat
1160 1975 1294 2054 filium
1316 1973 1511 2055 Bernabb
1531 1972 1762 2054 Vicecomi-

766 2121 820 2198 tis
844 2147 971 2215 uxor,
997 2123 1074 2229 qui
1098 2119 1278 2201 honores
1305 2125 1350 2201 in
1377 2149 1446 2200 eos
1471 2125 1601 2231 ipsos,
1629 2122 1763 2228 aqui·

764 2267 844 2345 bus
870 2268 1201 2364 tribuebantur,
1226 2271 1497 2380 recidebant,
1526 2289 1647 2350 tanta
1672 2290 1761 2348 erat

766 2415 928 2523 opini0,
955 2443 1083 2524 quarn
1108 2444 1249 2496 omnes
1274 2416 1327 2498 de
1354 2417 1564 2528 dignitate
1591 2414 1762 2498 Petrar-

767 2559 872 2642 chae
896 2561 1134 2644 habebant.
1287 2553 1290 2556 ¹

768 2926 1766 2959 mmmmmooemmoo

823 3061 868 3136 (ι)
886 3065 936 3123 De
947 3061 1392 3140 IoanneGailiaeRegebaec
1403 3059 1772 3118 memoriaemandavit:

769 3179 835 3218 non
844 3162 938 3219 modo
951 3181 1045 3240 prece
1056 3163 1202 3233 fervida,
1212 3165 1266 3222 sed
1278 3183 1377 3222 manu
1387 3165 1491 3220 amica
1503 3181 1585 3241 pene
1597 3161 1684 3219 mihi·
1693 3161 1770 3218 inie-

767 3275 820 3322 cta
830 3275 942 3340 ¹tenere
952 3264 1137 3336 mavoluit,
1153 3265 1328 3325 abeuntem
1339 3266 1477 3344 denique
1493 3264 1613 3323 litteris
1623 3282 1769 3340 persecu·

768 3379 822 3427 tus
832 3367 1038 3428 ardentibus.
1052 3375 1142 3427 Fam.
1159 3375 1196 3426 L.
1209 3363 1403 3446 XXIII'Ep.
1416 3387 1454 3426 11.
1473 3371 1512 3424 In
1524 3373 1583 3444 Ep.
1600 3384 1669 3424 vcro
1682 3383 1704 3422 r.
1721 3369 1770 3423 Se·

771 3469 889 3528 uilium
901 3475 952 3530 ait
990 3473 1092 3531 Simul
1107 3471 1243 3530 mehinc
1259 3477 1422 3530 Romanus
1437 3476 1570 3538 Caesar,
1586 3461 1662 3524 hinc
1673 3469 1769 3524 Fran·

769 3587 881 3630 corum
898 3577 964 3632 Rex
980 3574 1132 3632 certatim
1149 3585 1307 3642 evocant,
1323 3573 1374 3630 his
1389 3573 1557 3648 promissis
1574 3570 1688 3648 hisque
1704 3589 1773 3627 mu·

771 3673 903 3732 neribus
918 3675 983 3732 iam
999 3675 1200 3752 praemissis,
1211 3693 1295 3750 quae
1312 3675 1338 3732 si
1354 3691 1486 3751 pergam
1502 3673 1637 3748 exequi,
1655 3685 1688 3730 et
1702 3673 1769 3730 lon·

770 3793 846 3850 gum
869 3774 952 3843 erit,
974 3789 1007 3832 et
1030 3777 1196 3836 videbitur
1220 3775 1464 3834 fabulosum...
1483 3775 1665 3833 Novissime
1689 3791 1767 3834 vero

772 3879 920 3932 Summus
935 3877 1104 3944 Pontifex,
1121 3877 1173 3936 hic
1189 3877 1304 3937 solitus
1319 3879 1600 3938 necromanticum
1622 3878 1769 3954 opinari,

772 3991 805 4036 et
819 3981 887 4056 ipse
905 3999 955 4036 me
972 3977 1048 4038 altis
1064 3979 1198 4040 vocibus
1214 3981 1256 4039 ad
1276 3992 1438 4049 sevocat,
1455 3977 1582 4038 duobus
1601 3980 1665 4036 iam
1682 3995 1767 4036 nunc

773 4079 937 4140 beneficiis
958 4081 1106 4153 collatis,
1123 4082 1352 4162 pluribusque,
1366 4087 1394 4143 si
1416 4102 1568 4164 paream,
1590 4080 1745 4140 oblatis..
1758 4118 1777 4140 ι,

775 4183 853 4244 Vult
870 4205 920 4244 me
936 4186 976 4244 ad
992 4186 1130 4246 officium
1147 4191 1367 4246 Secretorum.
