4260 5826
355 905 474 958 omne
496 903 615 954 suum
635 903 719 954 non
745 874 867 952 modo
884 869 1104 982 expleret,
1131 870 1348 952 sedetiam

353 1043 592 1134 superaret.
619 1019 717 1123 Qua
742 1047 870 1114 exre
895 1017 1046 1113 fiebat,
1077 1039 1126 1098 ut
1155 1018 1352 1100 omnibus

355 1173 481 1257 rebus
517 1169 782 1264 abundaret,
811 1167 1096 1262 salutaretur,
1127 1188 1352 1276 appetere-

354 1343 451 1414 tur,
485 1320 758 1426 coniectique
800 1318 845 1396 in
881 1343 976 1396 eum
1012 1316 1201 1394 omnirun
1243 1311 1354 1394 oculi

353 1491 516 1570 essent.
549 1463 726 1546 Minime
756 1486 895 1544 tamen
925 1461 1154 1572 populares
1184 1461 1356 1570 plausus

355 1615 615 1722 quaerebat,
639 1613 880 1740 raro'domo
902 1610 1126 1720 prodibat,
1144 1637 1272 1715 quaro
1300 1609 1353 1690 ad

355 1761 392 1841 S.
419 1761 627 1842 Ambrosii
655 1761 848 1842 solitario
871 1762 919 1840 in
947 1759 1041 1840 looo
1066 1757 1275 1852 habebat,
1303 1785 1351 1838 ac

354 1937 481 2019 saepe
504 1913 553 1990 in
582 1907 807 1989 Liternum
831 1935 874 1988 se
899 1907 1115 2002 abdebat,
1139 1905 1256 2013 quod
1284 1933 1354 1987 rus

358 2057 412 2135 ab
438 2083 489 2135 eo
515 2058 572 2135 sic
593 2055 878 2166 appellatum,
898 2077 947 2137 ut
972 2057 1216 2136 memoriam
1234 2083 1355 2136 reno·-

358 2224 477 2284 varet
502 2202 608 2299 loci,
639 2206 685 2283 in
709 2232 795 2312 quo
818 2201 962 2314 Scipio
989 2199 1213 2284 Africanus
1238 2229 1358 2311 supe·

356 2353 444 2430 rior
467 2375 644 2434 mortem
670 2333 862 2448 obierat,
887 2373 978 2433 erat
1002 2379 1136 2462 prope
1160 2349 1358 2432 Garinia·

355 2524 460 2576 num
484 2526 568 2578 non
603 2499 729 2609 longe
753 2527 781 2578 a
808 2497 1161 2580 Cartusianorum
1190 2498 1360 2583 Coeno-

354 2645 431 2724 bio
446 2705 454 2722 .
469 2641 611 2745 Quam
631 2646 838 2728 assiduam
859 2647 921 2726 ibi
941 2649 1189 2756 praesertim
1204 2645 1360 2726 studiis

359 2821 529 2902 operam
549 2811 751 2890 navaret,
770 2822 897 2902 qnam
924 2823 1065 2876 secum
1090 2795 1180 2904 ipse
1200 2819 1361 2903 pugna-

357 2962 447 3036 ret,
473 2971 526 3022 ne
553 2941 788 3050 voluptatis
814 2942 1026 3024 illecebris
1051 2941 1258 3022 delinitus
1283 2942 1361 3020 ite·

360 3115 455 3166 rum
473 3093 626 3170 virtuti
645 3095 850 3174 nuncium
875 3095 1131 3187 remitteret,
1151 3119 1279 3200 quam
1296 3119 1361 3170 ro-

358 3235 485 3316 busto
508 3265 710 3348 corpore,
730 3267 859 3348 quam
887 3263 1041 3350 pacato
1066 3243 1207 3324 animo
1234 3261 1360 3334 esset,

355 3410 488 3490 qnam
506 3385 817 3483 moderatione,
838 3389 988 3470 ordine
1008 3411 1051 3468 et
1076 3389 1361 3497 temperantia

361 3529 591 3639 gauderet,
622 3535 795 3640 quantis
824 3535 893 3616 vel
927 3537 1089 3618 invitus
1124 3535 1361 3619 afficeretur

359 3671 612 3776 honoribus,
631 3679 868 3764 declaravit
887 3681 1034 3762 Guido
1054 3683 1266 3794 Septimo,
1284 3685 1360 3789 qui

353 3844 452 3905 erat
478 3830 664 3914 omnium
683 3829 955 3914 consiliorum
975 3861 1148 3914 suorum
1173 3831 1361 3912 modera-

361 3983 493 4051 toret
518 3977 750 4087 particeps.
777 3977 937 4064 Aderat
961 3949 1134 4091 qnoque
1159 3976 1360 4060 Galeatio

360 4143 455 4213 suo,
474 4118 641 4202 nullum
657 4123 1049 4212 benevolentissimi
1066 4151 1109 4212 et
1128 4127 1362 4240 diligentis

360 4267 454 4343 simi
478 4265 661 4352 hominis
692 4277 1034 4379 praetermittens
1062 4275 1266 4370 officium,
1293 4274 1359 4354 cui
