4184 5806
1185 600 1217 693 7
1229 587 1262 678 6

726 789 792 868 illi
817 785 921 882 fuit,
949 785 1054 894 quia
1078 807 1166 865 tam
1188 783 1298 867 nihil
1318 787 1498 897 optabat
1522 807 1651 897 quam
1679 821 1745 876 se·

724 964 843 1047 posse
870 934 1122 1044 populorum
1144 933 1345 1014 felicitati
1371 935 1607 1020 consulere.
1635 937 1716 1022 Sed

724 1083 928 1196 gaudium
953 1082 1149 1161 turbavit
1170 1083 1366 1175 nuntius3
1383 1107 1509 1188 quem
1527 1112 1577 1162 eo
1596 1087 1641 1166 in
1661 1085 1723 1168 lo-

722 1261 770 1311 co
793 1225 958 1340 accepit
977 1229 1030 1307 de
1055 1226 1395 1308 morte'Thomae
1417 1209 1719 1330 Messanensis,

720 1407 903 1488 quocum
928 1406 952 1456 a
977 1375 1321 1485 condiscipulatu
1344 1379 1512 1460 vixerat
1537 1385 1717 1462 coniun-

722 1527 902 1632 ctissime
928 1526 984 1604 ob
1009 1523 1244 1605 studiorum
1267 1545 1309 1604 et
1327 1523 1489 1606 morum
1514 1527 1716 1610 similitu-

720 1675 862 1754 dinem
882 1669 948 1749 (Ι).
984 1669 1095 1751 Nam
1121 1673 1276 1780 etipse
1303 1670 1498 1754 Italicam
1522 1697 1564 1755 et
1590 1673 1715 1756 Lati-

719 1853 816 1904 nam
836 1822 994 1932 poesim
1018 1847 1284 1930 magnacum
1310 1824 1491 1902 nominis
1518 1823 1581 1904 sui
1605 1822 1717 1904 fama

719 1970 929 2065 coluerat,
954 1969 1182 2075 fueratque
1200 1968 1269 2049 vel
1294 1969 1347 2048 ab
1373 1971 1548 2048 ineunte
1574 1991 1714 2050 aetate

721 2227 776 2286 bus
793 2228 879 2283 locus
897 2227 992 2286 datus
1008 2242 1053 2284 est
1073 2226 1109 2284 in
1131 2226 1371 2286 additionibus.
1400 2227 1511 2285 Cetera
1535 2227 1620 2284 inter
1638 2225 1711 2283 laec

717 2329 827 2389 habet:

749 2417 752 2424 ’
841 2437 884 2492 La
900 2434 1009 2511 patria
1024 2433 1109 2494 tolts
1124 2424 1308 2514 sll’unghio
1323 2435 1373 2494 de'
1388 2436 1515 2495 tiranni
1585 2481 1588 2492 ,
1623 2425 1626 2432 ’

845 2526 1073 2617 Libeiamente
1088 2539 1122 2594 in
1137 2557 1217 2616 pace
1233 2537 1260 2596 si
1274 2555 1437 2616 governat,

843 2643 866 2696 E
882 2639 1067 2697 ristocando
1084 2659 1126 2698 va
1142 2639 1186 2717 gli
1201 2640 1326 2697 antichi
1342 2641 1461 2709 donni,

839 2743 862 2800 E
878 2741 1054 2819 riposando
1068 2741 1098 2797 le
1114 2761 1169 2800 suc
1185 2739 1274 2817 parti
1291 2739 1446 2811 muchs,

841 2847 864 2902 E
881 2841 1112 2920 ringrazinndo
1127 2839 1159 2898 la
1174 2841 1264 2919 picti
1279 2859 1442 2918 superna,

839 2945 1003 3022 Pregando
1018 2943 1077 3001 che
1095 2965 1152 3002 sua
1167 2943 1277 3021 grazia
1294 2942 1397 3001 faccia
1412 2956 1545 3013 eterna3

838 3050 861 3103 E
876 3048 926 3103 cio
941 3045 968 3104 si
983 3049 1047 3123 puo
1063 3065 1174 3122 sperat
1189 3045 1272 3115 ben,
1288 3047 1314 3104 ε’
1321 3048 1352 3103 io
1368 3065 1433 3104 non
1449 3067 1539 3118 erro,

840 3150 918 3206 Pero
932 3148 992 3206 che
1007 3147 1155 3210 un'alms
1170 3148 1206 3206 in
1220 3159 1354 3226 quattro
1369 3152 1439 3208 cori
1452 3149 1606 3228 alberga,

839 3251 885 3310 Ed
900 3269 967 3310 una
981 3249 1048 3309 sola
1064 3270 1165 3330 vergo

837 3329 860 3412 fi
876 3355 910 3412 in
925 3365 1059 3432 quattro
1075 3355 1183 3426 moni,
1198 3355 1238 3415 ed
1253 3375 1298 3415 un
1314 3355 1476 3427 medosmo
1493 3353 1599 3414 ferro.

774 3495 820 3572 (1)
838 3492 965 3560 Huius,
986 3491 1029 3549 od
1051 3511 1142 3569 quem
1158 3493 1269 3571 plures
1291 3506 1399 3550 extant
1423 3491 1610 3551 Petronius
1625 3487 1710 3548 litte·

714 3615 768 3654 ros
783 3597 974 3653 montionem
982 3595 1064 3675 fecit
1079 3595 1117 3654 in
1136 3598 1265 3654 Amoris
1287 3595 1469 3674 triumpho,
1483 3593 1533 3650 liis
1549 3592 1646 3652 verbis
1661 3613 1719 3652 etc-1.

718 3697 882 3756 clamans:
1588 3674 1592 3682 l

835 3805 860 3858 0
875 3799 987 3876 fugace
1003 3801 1172 3860 dolosana!
1189 3821 1208 3859 o
1223 3802 1318 3862 viver
1332 3801 1432 3861 lasso!

876 3899 935 3958 Chi
949 3904 995 3960 mi
1009 3905 1036 3960 ti
1051 3903 1133 3961 tolse
1148 3907 1175 3962 si
1185 3916 1276 3962 tosto
1292 3904 1444 3974 dinanzi,

878 4004 1012 4065 Senza’l
1026 4006 1104 4084 qual
1120 4026 1186 4065 non
1201 4027 1299 4086 tapes
1315 4026 1429 4068 movet
1445 4025 1490 4066 un
1505 4008 1623 4087 pasto?

714 4105 845 4164 Latinis
871 4107 968 4166 stiam
993 4108 1134 4168 omibus
1155 4110 1274 4168 mortui
1296 4110 1433 4190 etapium
1458 4111 1605 4188 scripsit,
1627 4108 1709 4186 quod

714 4211 752 4268 in
767 4209 836 4268 eius
851 4211 976 4270 tumulo
987 4212 1130 4292 positum
1145 4228 1204 4271 m.
