4260 5826
1210 566 1336 680 J4o’.

773 757 973 840 voluisset
1012 759 1238 846 Petraroha
1272 795 1412 849 omnes
1445 767 1632 852 homines
1670 799 1766 852 suos

769 903 976 986 Romanos
991 903 1020 980 (1
1026 907 1061 1006 ),
1085 917 1134 991 'ac
1160 911 1376 1024 Principes
1393 920 1659 1025 praesertim,
1677 942 1765 1001 stu-

770 1051 841 1132 dio
865 1058 1138 1164 antiquitatis
1159 1059 1434 1158 inflammare,
1452 1068 1524 1143 oui
1547 1066 1761 1175 quidquid

769 1205 957 1312 sciebat,
990 1205 1184 1313 quidque
1218 1207 1373 1289 litteris
1412 1213 1686 1294 mandaverat
1721 1241 1762 1294 se

767 1351 922 1433 debere
942 1354 1241 1488 profitebatur.
1262 1343 1321 1436 Et·
1339 1387 1438 1438 sane
1456 1361 1573 1468 quod
1593 1356 1760 1471 tempus

768 1499 851 1580 fuit
887 1523 960 1584 aut
991 1525 1135 1586 nostra
1165 1527 1238 1587 aut
1273 1527 1442 1615 patrum
1473 1511 1764 1617 maiorumque

769 1671 1009 1729 nostrorum
1036 1655 1258 1749 memoria,
1288 1681 1373 1762 quo
1404 1655 1635 1757 isturimnor'r
1666 1655 1762 1734 oul-

767 1819 858 1877 tum
882 1797 1012 1879 fuerit
1038 1803 1248 1898 studium,
1264 1830 1349 1910 por
1373 1801 1500 1910 quod!
1517 1831 1611 1887 non
1627 1801 1763 1882 solum

766 1942 913 2042 Italia,
932 1947 1004 2026 sed
1023 1945 1474 2056 et·Gallia,.omnique
1490 1949 1763 2031 cu'ltiorina⁴

766 2094 881 2173 tione
900 2095 1118 2176 barbaries
1141 2099 1317 2206 expulsa
1338 2093 1428 2177 est?
1451 2093 1530 2175 Vel
1555 2097 1601 2175 in
1615 2093 1689 2193 ea,
1715 2073 1762 2174 in'

763 2268 852 2346 qua
874 2271 988 2323 nunc
1006 2250 1245 2341 versamur,
1264 2245 1361 2324 lu'c'e
1382 2265 1474 2330 turn
1491 2243 1760 2324 humaniores

762 2387 958 2487 litterae,
992 2394 1357 2502 liberalioresque
1381 2414 1515 2488 artes,
1546 2413 1636 2472 tum
1662 2414 1760 2484 eae,

762 2539 927 2646 quibua
946 2537 1192 2648 praesertim
1218 2561 1330 2621 aetas
1359 2561 1502 2620 nostra
1528 2525 1763 2649 gloriatui,

641 2679 646 2688 ⁴
761 2687 1265 2797 graviores‘disciplinae‚
1285 2681 1441 2794 quibus
1459 2687 1678 2796 proposita
1696 2707 1758 2763 est

761 2855 941 2914 naturae
974 2857 1016 2940 et
1046 2835 1240 2917 civilium
1265 2833 1493 2914 officiorum
1524 2845 1571 2913 et‘
1600 2833 1759 2912 iurium

760 2977 1039 3060 hum-anorum
1056 2985 1348 3094 investigatio,
1359 2977 1443 3061 nori
1463 3009 1613 3090 parum
1629 2981 1683 3074 de
1694 2979 1761 3058 di·

761 3129 927 3237 gnitate
952 3151 1027 3208 tua
1052 3132 1322 3225 amitterent,
1348 3132 1382 3208 si
1415 3129 1643 3217 inhonore
1669 3139 1762 3206 esse·

761 3273 1004 3357 desinerent
1030 3280 1304 3385 antiquitatis
1320 3297 1616 3357 monumenta.
1637 3273 1754 3355 Haec

758 3466 1759 3514 mnummffmmmmffle‘

798 3573 863 3657 '-(1)
875 3582 955 3642 ,Vtri-
972 3585 1097 3642 lior-tut
1119 3583 1161 3642 td
1183 3580 1352 3644 Nicolaum
1374 3588 1527 3644 Lttnront.v
1542 3579 1607 3640 vot.
1622 3583 1646 3638 I.
1663 3587 1756 3658 oper.

757 3702 790 3759 p.
803 3682 860 3762 596
877 3696 909 3742 et
925 3685 1037 3742 Famil.
1053 3684 1111 3744 lib.
1122 3690 1176 3746 VI.
1193 3691 1249 3766 Ep.
1261 3705 1300 3746 11.
1317 3693 1430 3746 Cetera
1451 3691 1538 3746 inter
1551 3685 1631 3744 hoec
1645 3685 1763 3757 dolen,

758 3799 808 3844 ter
818 3793 884 3845 ait:
901 3787 961 3859 Qui
975 3787 1072 3846 hodie
1084 3791 1185 3864 magis
1203 3791 1310 3865 ignari
1323 3808 1431 3846 terum
1444 3793 1663 3846 Romanarum
1680 3796 1756 3847 eunt

763 3905 860 3964 quarn
872 3892 1010 3948 Romani
1025 3892 1136 3951 cives?
1150 3893 1279 3950 Invitus
1294 3889 1386 3962 dico,
1403 3909 1562 3968 nusquam
1579 3887 1686 3948 minus
1699 3891 1757 3946 Ro·

762 4009 816 4050 ma
835 3995 1039 4072 cognoscitur
1059 4015 1159 4072 quarn
1181 3999 1320 4063 Romae,
1335 4014 1401 4072 qua
1421 3995 1456 4050 in
1471 4013 1505 4052 re
1521 4011 1587 4050 non
1602 3993 1756 4068 ignoran-

757 4091 839 4150 tiam
854 4094 958 4154 tolum
969 4096 1029 4154 fleo
1041 4096 1246 4175 (quanquam
1255 4096 1335 4174 quid
1350 4097 1535 4174 ignorantia
1544 4095 1635 4172 peius
1644 4093 1710 4156 est?
1720 4096 1753 4172 ),

761 4193 816 4250 sed
833 4194 996 4254 virtutum
1015 4191 1126 4274 fu'gnm
1141 4197 1343 4276 exiliumque
1357 4195 1556 4256 multarum·
1630 4207 1634 4222 ¹
