<?xml version="1.0" encoding="UTF-8"?>
<!DOCTYPE html PUBLIC "-//W3C//DTD XHTML 1.0 Transitional//EN"
    "http://www.w3.org/TR/xhtml1/DTD/xhtml1-transitional.dtd">
<html xmlns="http://www.w3.org/1999/xhtml" xml:lang="en" lang="en">
 <head>
  <title>
</title>
<meta http-equiv="Content-Type" content="text/html;charset=utf-8" />
  <meta name='ocr-system' content='tesseract 3.04.00' />
  <meta name='ocr-capabilities' content='ocr_page ocr_carea ocr_par ocr_line ocrx_word'/>
</head>
<body>
  <div class='ocr_page' id='page_1' title='image "./franciscipetrar00fabrgoog_0135.png"; bbox 0 0 4260 5826; ppageno 0'>
   <div class='ocr_carea' id='block_1_1' title="bbox 1214 615 1324 708">
    <p class='ocr_par' dir='ltr' id='par_1_1' title="bbox 1214 615 1324 708">
     <span class='ocr_line' id='line_1_1' title="bbox 1214 615 1324 708; baseline 0.027 -4"><span class='ocrx_word' id='word_1_1' title='bbox 1214 615 1324 708; x_wconf 69' lang='lat'>118</span> 
     </span>
    </p>
   </div>
   <div class='ocr_carea' id='block_1_2' title="bbox 766 815 1866 927">
    <p class='ocr_par' dir='ltr' id='par_1_2' title="bbox 766 815 1866 927">
     <span class='ocr_line' id='line_1_2' title="bbox 766 815 1866 927; baseline 0 -29"><span class='ocrx_word' id='word_1_2' title='bbox 766 820 875 898; x_wconf 89' lang='lat' dir='ltr'>cisco</span> <span class='ocrx_word' id='word_1_3' title='bbox 910 815 1180 914; x_wconf 88' lang='lat' dir='ltr'>mandatum,</span> <span class='ocrx_word' id='word_1_4' title='bbox 1206 820 1324 927; x_wconf 92' lang='lat' dir='ltr'>quod</span> <span class='ocrx_word' id='word_1_5' title='bbox 1358 820 1512 902; x_wconf 90' lang='lat' dir='ltr'>habuit</span> <span class='ocrx_word' id='word_1_6' title='bbox 1546 849 1571 898; x_wconf 88' lang='lat' dir='ltr'>a</span> <span class='ocrx_word' id='word_1_7' title='bbox 1601 817 1760 898; x_wconf 84' lang='lat' dir='ltr'>Ioanne</span> <span class='ocrx_word' id='word_1_8' title='bbox 1850 863 1866 880; x_wconf 44' lang='grc' dir='ltr'>κ</span> 
     </span>
    </p>
   </div>
   <div class='ocr_carea' id='block_1_3' title="bbox 766 945 1764 1074">
    <p class='ocr_par' dir='ltr' id='par_1_3' title="bbox 766 945 1764 1074">
     <span class='ocr_line' id='line_1_3' title="bbox 766 945 1764 1074; baseline 0 -28"><span class='ocrx_word' id='word_1_9' title='bbox 766 963 1059 1046; x_wconf 88' lang='lat' dir='ltr'>conciliandae</span> <span class='ocrx_word' id='word_1_10' title='bbox 1078 968 1195 1074; x_wconf 85' lang='lat' dir='ltr'>pacis</span> <span class='ocrx_word' id='word_1_11' title='bbox 1214 965 1460 1048; x_wconf 87' lang='lat' dir='ltr'>Genuenses</span> <span class='ocrx_word' id='word_1_12' title='bbox 1488 971 1601 1048; x_wconf 87' lang='lat' dir='ltr'>inter</span> <span class='ocrx_word' id='word_1_13' title='bbox 1619 990 1661 1048; x_wconf 91' lang='lat' dir='ltr'>et</span> <span class='ocrx_word' id='word_1_14' title='bbox 1674 945 1764 1047; x_wconf 35' lang='lat' dir='ltr'>‘Ve-</span> 
     </span>
    </p>
   </div>
   <div class='ocr_carea' id='block_1_4' title="bbox 762 1115 1773 2855">
    <p class='ocr_par' dir='ltr' id='par_1_4' title="bbox 762 1115 1773 2855">
     <span class='ocr_line' id='line_1_4' title="bbox 764 1115 1760 1222; baseline 0.004 -29"><span class='ocrx_word' id='word_1_15' title='bbox 764 1134 905 1208; x_wconf 80' lang='lat' dir='ltr'>netOS,</span> <span class='ocrx_word' id='word_1_16' title='bbox 924 1142 1011 1222; x_wconf 90' lang='lat' dir='ltr'>qua</span> <span class='ocrx_word' id='word_1_17' title='bbox 1037 1115 1089 1196; x_wconf 89' lang='lat' dir='ltr'>de</span> <span class='ocrx_word' id='word_1_18' title='bbox 1116 1145 1260 1197; x_wconf 87' lang='lat' dir='ltr'>caussa</span> <span class='ocrx_word' id='word_1_19' title='bbox 1278 1115 1481 1199; x_wconf 86' lang='lat' dir='ltr'>Venetias</span> <span class='ocrx_word' id='word_1_20' title='bbox 1503 1120 1698 1212; x_wconf 87' lang='lat' dir='ltr'>accessit,</span> <span class='ocrx_word' id='word_1_21' title='bbox 1717 1137 1760 1197; x_wconf 92' lang='lat' dir='ltr'>et</span> 
     </span>
     <span class='ocr_line' id='line_1_5' title="bbox 765 1262 1760 1372; baseline 0.005 -33"><span class='ocrx_word' id='word_1_22' title='bbox 765 1290 814 1340; x_wconf 87' lang='lat' dir='ltr'>ea</span> <span class='ocrx_word' id='word_1_23' title='bbox 833 1262 944 1343; x_wconf 80' lang='lat' dir='ltr'>dixit</span> <span class='ocrx_word' id='word_1_24' title='bbox 959 1291 1098 1344; x_wconf 86' lang='lat' dir='ltr'>coram</span> <span class='ocrx_word' id='word_1_25' title='bbox 1117 1265 1458 1372; x_wconf 86' lang='lat' dir='ltr'>frequentissimo</span> <span class='ocrx_word' id='word_1_26' title='bbox 1470 1264 1630 1346; x_wconf 87' lang='lat' dir='ltr'>Senatu</span> <span class='ocrx_word' id='word_1_27' title='bbox 1648 1290 1760 1372; x_wconf 88' lang='lat' dir='ltr'>quae</span> 
     </span>
     <span class='ocr_line' id='line_1_6' title="bbox 763 1411 1760 1520; baseline 0.001 -31"><span class='ocrx_word' id='word_1_28' title='bbox 763 1412 988 1518; x_wconf 90' lang='lat' dir='ltr'>utriusque</span> <span class='ocrx_word' id='word_1_29' title='bbox 1008 1411 1290 1520; x_wconf 86' lang='lat' dir='ltr'>Reipublicae</span> <span class='ocrx_word' id='word_1_30' title='bbox 1316 1413 1557 1494; x_wconf 86' lang='lat' dir='ltr'>rationibus</span> <span class='ocrx_word' id='word_1_31' title='bbox 1581 1415 1760 1492; x_wconf 82' lang='lat' dir='ltr'>maxime</span> 
     </span>
     <span class='ocr_line' id='line_1_7' title="bbox 765 1561 1764 1668; baseline 0.002 -30"><span class='ocrx_word' id='word_1_32' title='bbox 765 1561 994 1641; x_wconf 89' lang='lat' dir='ltr'>convenire</span> <span class='ocrx_word' id='word_1_33' title='bbox 1020 1561 1218 1668; x_wconf 89' lang='lat' dir='ltr'>putavit,</span> <span class='ocrx_word' id='word_1_34' title='bbox 1248 1589 1302 1640; x_wconf 92' lang='lat' dir='ltr'>ne</span> <span class='ocrx_word' id='word_1_35' title='bbox 1335 1562 1574 1642; x_wconf 86' lang='lat' dir='ltr'>disiunctae</span> <span class='ocrx_word' id='word_1_36' title='bbox 1601 1590 1626 1640; x_wconf 87' lang='lat' dir='ltr'>a</span> <span class='ocrx_word' id='word_1_37' title='bbox 1652 1589 1764 1641; x_wconf 88' lang='lat' dir='ltr'>com·</span> 
     </span>
     <span class='ocr_line' id='line_1_8' title="bbox 762 1707 1760 1819; baseline 0.002 -34"><span class='ocrx_word' id='word_1_38' title='bbox 762 1710 879 1788; x_wconf 91' lang='lat' dir='ltr'>muni</span> <span class='ocrx_word' id='word_1_39' title='bbox 916 1707 1050 1787; x_wconf 89' lang='lat' dir='ltr'>salute</span> <span class='ocrx_word' id='word_1_40' title='bbox 1088 1707 1257 1787; x_wconf 87' lang='lat' dir='ltr'>ltaliam</span> <span class='ocrx_word' id='word_1_41' title='bbox 1292 1731 1531 1819; x_wconf 82' lang='lat' dir='ltr'>oppressam</span> <span class='ocrx_word' id='word_1_42' title='bbox 1562 1708 1760 1791; x_wconf 87' lang='lat' dir='ltr'>viderent</span> 
     </span>
     <span class='ocr_line' id='line_1_9' title="bbox 766 1850 1763 1937; baseline 0.001 -2"><span class='ocrx_word' id='word_1_43' title='bbox 766 1851 1074 1937; x_wconf 88' lang='lat' dir='ltr'>Germanorum</span> <span class='ocrx_word' id='word_1_44' title='bbox 1099 1858 1223 1936; x_wconf 88' lang='lat' dir='ltr'>armis</span> <span class='ocrx_word' id='word_1_45' title='bbox 1244 1850 1313 1934; x_wconf 74' lang='lat'>(¹).</span> <span class='ocrx_word' id='word_1_46' title='bbox 1349 1855 1507 1937; x_wconf 89' lang='lat' dir='ltr'>Rumor</span> <span class='ocrx_word' id='word_1_47' title='bbox 1532 1859 1644 1937; x_wconf 89' lang='lat' dir='ltr'>enim</span> <span class='ocrx_word' id='word_1_48' title='bbox 1671 1877 1763 1936; x_wconf 86' lang='lat' dir='ltr'>erat</span> 
     </span>
     <span class='ocr_line' id='line_1_10' title="bbox 764 2003 1765 2088; baseline -0.001 -5"><span class='ocrx_word' id='word_1_49' title='bbox 764 2033 813 2084; x_wconf 91' lang='lat' dir='ltr'>eo</span> <span class='ocrx_word' id='word_1_50' title='bbox 841 2003 1064 2088; x_wconf 87' lang='lat' dir='ltr'>Caesarem</span> <span class='ocrx_word' id='word_1_51' title='bbox 1089 2033 1186 2084; x_wconf 93' lang='lat' dir='ltr'>cum</span> <span class='ocrx_word' id='word_1_52' title='bbox 1206 2007 1399 2086; x_wconf 82' lang='lat' dir='ltr'>exercitu</span> <span class='ocrx_word' id='word_1_53' title='bbox 1426 2005 1673 2084; x_wconf 83' lang='lat' dir='ltr'>adventare.</span> <span class='ocrx_word' id='word_1_54' title='bbox 1700 2003 1765 2082; x_wconf 88' lang='lat' dir='ltr'>ln·</span> 
     </span>
     <span class='ocr_line' id='line_1_11' title="bbox 764 2149 1773 2261; baseline -0.001 -30"><span class='ocrx_word' id='word_1_55' title='bbox 764 2152 877 2232; x_wconf 87' lang='lat' dir='ltr'>fecta</span> <span class='ocrx_word' id='word_1_56' title='bbox 901 2181 946 2231; x_wconf 90' lang='lat' dir='ltr'>re</span> <span class='ocrx_word' id='word_1_57' title='bbox 970 2149 1264 2232; x_wconf 88' lang='lat' dir='ltr'>Mediolanum</span> <span class='ocrx_word' id='word_1_58' title='bbox 1289 2150 1441 2247; x_wconf 90' lang='lat' dir='ltr'>rediit,</span> <span class='ocrx_word' id='word_1_59' title='bbox 1460 2179 1602 2261; x_wconf 91' lang='lat' dir='ltr'>neque</span> <span class='ocrx_word' id='word_1_60' title='bbox 1627 2149 1773 2232; x_wconf 81' lang='lat' dir='ltr'>multo·</span> 
     </span>
     <span class='ocr_line' id='line_1_12' title="bbox 764 2297 1763 2412; baseline 0 -34"><span class='ocrx_word' id='word_1_61' title='bbox 764 2321 858 2410; x_wconf 91' lang='lat' dir='ltr'>post</span> <span class='ocrx_word' id='word_1_62' title='bbox 880 2302 1014 2380; x_wconf 88' lang='lat' dir='ltr'>vitam</span> <span class='ocrx_word' id='word_1_63' title='bbox 1032 2297 1212 2378; x_wconf 90' lang='lat' dir='ltr'>Ioannes</span> <span class='ocrx_word' id='word_1_64' title='bbox 1237 2301 1398 2396; x_wconf 89' lang='lat' dir='ltr'>amisit,</span> <span class='ocrx_word' id='word_1_65' title='bbox 1418 2301 1538 2379; x_wconf 88' lang='lat' dir='ltr'>cuius</span> <span class='ocrx_word' id='word_1_66' title='bbox 1556 2301 1603 2378; x_wconf 92' lang='lat' dir='ltr'>in</span> <span class='ocrx_word' id='word_1_67' title='bbox 1623 2298 1763 2412; x_wconf 84' lang='lat' dir='ltr'>locum</span> 
     </span>
     <span class='ocr_line' id='line_1_13' title="bbox 765 2443 1768 2539; baseline -0.003 -13"><span class='ocrx_word' id='word_1_68' title='bbox 765 2475 998 2530; x_wconf 81' lang='lat' dir='ltr'>successere</span> <span class='ocrx_word' id='word_1_69' title='bbox 1016 2470 1101 2530; x_wconf 89' lang='lat' dir='ltr'>tres</span> <span class='ocrx_word' id='word_1_70' title='bbox 1113 2449 1256 2529; x_wconf 86' lang='lat' dir='ltr'>fratris</span> <span class='ocrx_word' id='word_1_71' title='bbox 1274 2448 1392 2528; x_wconf 87' lang='lat' dir='ltr'>illius</span> <span class='ocrx_word' id='word_1_72' title='bbox 1408 2446 1485 2526; x_wconf 92' lang='lat' dir='ltr'>filii</span> <span class='ocrx_word' id='word_1_73' title='bbox 1501 2443 1768 2539; x_wconf 78' lang='lat' dir='ltr'>Matthaeus,</span> 
     </span>
     <span class='ocr_line' id='line_1_14' title="bbox 767 2592 1773 2703; baseline -0.003 -31"><span class='ocrx_word' id='word_1_74' title='bbox 767 2592 989 2691; x_wconf 67' lang='lat' dir='ltr'>Bernaba,</span> <span class='ocrx_word' id='word_1_75' title='bbox 1007 2618 1051 2677; x_wconf 90' lang='lat' dir='ltr'>et</span> <span class='ocrx_word' id='word_1_76' title='bbox 1071 2593 1316 2692; x_wconf 88' lang='lat' dir='ltr'>Galeatius,</span> <span class='ocrx_word' id='word_1_77' title='bbox 1335 2598 1412 2703; x_wconf 94' lang='lat' dir='ltr'>qui</span> <span class='ocrx_word' id='word_1_78' title='bbox 1434 2613 1663 2702; x_wconf 87' lang='lat' dir='ltr'>antequam</span> <span class='ocrx_word' id='word_1_79' title='bbox 1683 2593 1773 2696; x_wconf 24' lang='lat' dir='ltr'>im·-</span> 
     </span>
     <span class='ocr_line' id='line_1_15' title="bbox 764 2738 1765 2855; baseline -0.007 -31"><span class='ocrx_word' id='word_1_80' title='bbox 764 2747 873 2854; x_wconf 90' lang='lat' dir='ltr'>perii</span> <span class='ocrx_word' id='word_1_81' title='bbox 892 2745 1077 2855; x_wconf 81' lang='lat' dir='ltr'>insignia</span> <span class='ocrx_word' id='word_1_82' title='bbox 1096 2747 1359 2854; x_wconf 83' lang='lat' dir='ltr'>acciperent,</span> <span class='ocrx_word' id='word_1_83' title='bbox 1372 2738 1642 2824; x_wconf 88' lang='lat' dir='ltr'>Petrarcham</span> <span class='ocrx_word' id='word_1_84' title='bbox 1659 2765 1765 2818; x_wconf 89' lang='lat' dir='ltr'>sum·</span> 
     </span>
    </p>
   </div>
   <div class='ocr_carea' id='block_1_5' title="bbox 768 2927 1770 2958">
    <p class='ocr_par' dir='ltr' id='par_1_5' title="bbox 768 2927 1770 2958">
     <span class='ocr_line' id='line_1_16' title="bbox 768 2927 1770 2958; baseline -0.005 -2"><span class='ocrx_word' id='word_1_85' title='bbox 768 2933 1404 2958; x_wconf 51' lang='lat' dir='ltr'>moflmooooooooomm</span> <span class='ocrx_word' id='word_1_86' title='bbox 1409 2927 1770 2954; x_wconf 49' lang='lat' dir='ltr'>mmmmm</span> 
     </span>
    </p>
   </div>
   <div class='ocr_carea' id='block_1_6' title="bbox 729 3005 1803 4325">
    <p class='ocr_par' dir='ltr' id='par_1_6' title="bbox 729 3005 1803 4325">
     <span class='ocr_line' id='line_1_17' title="bbox 824 3005 1766 3086; baseline -0.006 -18"><span class='ocrx_word' id='word_1_87' title='bbox 824 3010 870 3086; x_wconf 83' lang='lat' dir='ltr'>(r)</span> <span class='ocrx_word' id='word_1_88' title='bbox 882 3008 1028 3082; x_wconf 72' lang='lat' dir='ltr'>Extatin</span> <span class='ocrx_word' id='word_1_89' title='bbox 1045 3008 1277 3068; x_wconf 79' lang='lat' dir='ltr'>Vindobonensi</span> <span class='ocrx_word' id='word_1_90' title='bbox 1290 3017 1444 3068; x_wconf 81' lang='lat' dir='ltr'>Caesarea</span> <span class='ocrx_word' id='word_1_91' title='bbox 1453 3005 1648 3064; x_wconf 75' lang='lat' dir='ltr'>Bibliotheca</span> <span class='ocrx_word' id='word_1_92' title='bbox 1667 3013 1766 3062; x_wconf 75' lang='lat' dir='ltr'>Aren·</span> 
     </span>
     <span class='ocr_line' id='line_1_18' title="bbox 764 3107 1803 3188; baseline -0.009 -18"><span class='ocrx_word' id='word_1_93' title='bbox 764 3132 803 3188; x_wconf 83' lang='lat' dir='ltr'>ga</span> <span class='ocrx_word' id='word_1_94' title='bbox 827 3111 915 3168; x_wconf 86' lang='lat' dir='ltr'>facta</span> <span class='ocrx_word' id='word_1_95' title='bbox 931 3111 1076 3170; x_wconf 73' lang='lat' dir='ltr'>Veneriis</span> <span class='ocrx_word' id='word_1_96' title='bbox 1096 3113 1171 3170; x_wconf 81' lang='lat'>1353</span> <span class='ocrx_word' id='word_1_97' title='bbox 1189 3127 1307 3172; x_wconf 82' lang='lat' dir='ltr'>octavo</span> <span class='ocrx_word' id='word_1_98' title='bbox 1325 3113 1377 3170; x_wconf 89' lang='lat' dir='ltr'>die</span> <span class='ocrx_word' id='word_1_99' title='bbox 1396 3107 1590 3171; x_wconf 83' lang='lat' dir='ltr'>Novembris</span> <span class='ocrx_word' id='word_1_100' title='bbox 1606 3125 1703 3185; x_wconf 84' lang='lat' dir='ltr'>super</span> <span class='ocrx_word' id='word_1_101' title='bbox 1718 3125 1771 3183; x_wconf 84' lang='lat' dir='ltr'>pa·</span> <span class='ocrx_word' id='word_1_102' title='bbox 1794 3137 1803 3148; x_wconf 49' lang='grc' dir='ltr'><strong><em>ι</em></strong></span> 
     </span>
     <span class='ocr_line' id='line_1_19' title="bbox 765 3211 1769 3274; baseline -0.006 -4"><span class='ocrx_word' id='word_1_103' title='bbox 765 3232 800 3270; x_wconf 87' lang='lat' dir='ltr'>ce</span> <span class='ocrx_word' id='word_1_104' title='bbox 822 3211 997 3272; x_wconf 82' lang='lat' dir='ltr'>tractanda</span> <span class='ocrx_word' id='word_1_105' title='bbox 1018 3216 1104 3272; x_wconf 84' lang='lat' dir='ltr'>inter</span> <span class='ocrx_word' id='word_1_106' title='bbox 1129 3217 1309 3274; x_wconf 86' lang='lat' dir='ltr'>Commune</span> <span class='ocrx_word' id='word_1_107' title='bbox 1328 3217 1449 3272; x_wconf 86' lang='lat' dir='ltr'>Ianuae</span> <span class='ocrx_word' id='word_1_108' title='bbox 1465 3223 1497 3270; x_wconf 85' lang='lat' dir='ltr'>et</span> <span class='ocrx_word' id='word_1_109' title='bbox 1514 3211 1687 3269; x_wconf 89' lang='lat' dir='ltr'>Dominum</span> <span class='ocrx_word' id='word_1_110' title='bbox 1707 3213 1769 3265; x_wconf 61' lang='lat' dir='ltr'>Ara</span> 
     </span>
     <span class='ocr_line' id='line_1_20' title="bbox 729 3316 1772 3400; baseline -0.002 -27"><span class='ocrx_word' id='word_1_111' title='bbox 729 3391 741 3398; x_wconf 58' lang='lat'><strong>„</strong></span> <span class='ocrx_word' id='word_1_112' title='bbox 764 3316 1006 3396; x_wconf 86' lang='lat' dir='ltr'>chiepiacopum</span> <span class='ocrx_word' id='word_1_113' title='bbox 1022 3317 1295 3400; x_wconf 80' lang='lat' dir='ltr'>Mediolanensem</span> <span class='ocrx_word' id='word_1_114' title='bbox 1305 3337 1345 3376; x_wconf 84' lang='lat' dir='ltr'>cx</span> <span class='ocrx_word' id='word_1_115' title='bbox 1355 3337 1423 3376; x_wconf 83' lang='lat' dir='ltr'>una</span> <span class='ocrx_word' id='word_1_116' title='bbox 1440 3329 1558 3396; x_wconf 84' lang='lat' dir='ltr'>parte,</span> <span class='ocrx_word' id='word_1_117' title='bbox 1574 3327 1607 3374; x_wconf 88' lang='lat' dir='ltr'>et</span> <span class='ocrx_word' id='word_1_118' title='bbox 1622 3319 1772 3374; x_wconf 84' lang='lat' dir='ltr'>Commu·</span> 
     </span>
     <span class='ocr_line' id='line_1_21' title="bbox 764 3419 1769 3499; baseline -0.008 -19"><span class='ocrx_word' id='word_1_119' title='bbox 764 3442 804 3480; x_wconf 89' lang='lat' dir='ltr'>ne</span> <span class='ocrx_word' id='word_1_120' title='bbox 815 3421 1030 3486; x_wconf 68' lang='lat' dir='ltr'>veneciarum</span> <span class='ocrx_word' id='word_1_121' title='bbox 1046 3441 1085 3478; x_wconf 87' lang='lat' dir='ltr'>ex</span> <span class='ocrx_word' id='word_1_122' title='bbox 1101 3421 1206 3480; x_wconf 86' lang='lat' dir='ltr'>altera</span> <span class='ocrx_word' id='word_1_123' title='bbox 1222 3441 1281 3499; x_wconf 87' lang='lat' dir='ltr'>per</span> <span class='ocrx_word' id='word_1_124' title='bbox 1298 3421 1475 3479; x_wconf 88' lang='lat' dir='ltr'>Dominum</span> <span class='ocrx_word' id='word_1_125' title='bbox 1493 3419 1702 3476; x_wconf 80' lang='lat' dir='ltr'>Franciacum</span> <span class='ocrx_word' id='word_1_126' title='bbox 1718 3421 1769 3474; x_wconf 85' lang='lat' dir='ltr'>Pe·</span> 
     </span>
     <span class='ocr_line' id='line_1_22' title="bbox 764 3518 1769 3584; baseline -0.007 -2"><span class='ocrx_word' id='word_1_127' title='bbox 764 3523 931 3584; x_wconf 83' lang='lat' dir='ltr'>trareham</span> <span class='ocrx_word' id='word_1_128' title='bbox 946 3529 1078 3584; x_wconf 80' lang='lat' dir='ltr'>Poetam</span> <span class='ocrx_word' id='word_1_129' title='bbox 1094 3536 1127 3583; x_wconf 91' lang='lat' dir='ltr'>et</span> <span class='ocrx_word' id='word_1_130' title='bbox 1136 3523 1432 3584; x_wconf 72' lang='lat' dir='ltr'>ambassiatorem.</span> <span class='ocrx_word' id='word_1_131' title='bbox 1450 3525 1547 3578; x_wconf 81' lang='lat' dir='ltr'>Extat</span> <span class='ocrx_word' id='word_1_132' title='bbox 1559 3518 1656 3576; x_wconf 80' lang='lat' dir='ltr'>etiam</span> <span class='ocrx_word' id='word_1_133' title='bbox 1666 3519 1703 3574; x_wconf 77' lang='lat' dir='ltr'>in</span> <span class='ocrx_word' id='word_1_134' title='bbox 1719 3539 1769 3575; x_wconf 81' lang='lat' dir='ltr'>ea-</span> 
     </span>
     <span class='ocr_line' id='line_1_23' title="bbox 768 3625 1772 3707; baseline -0.004 -25"><span class='ocrx_word' id='word_1_135' title='bbox 768 3627 837 3684; x_wconf 83' lang='lat' dir='ltr'>dem</span> <span class='ocrx_word' id='word_1_136' title='bbox 848 3625 1043 3686; x_wconf 78' lang='lat' dir='ltr'>Bibliotheca</span> <span class='ocrx_word' id='word_1_137' title='bbox 1054 3634 1182 3706; x_wconf 69' lang='lat' dir='ltr'>arenga</span> <span class='ocrx_word' id='word_1_138' title='bbox 1200 3628 1288 3686; x_wconf 80' lang='lat' dir='ltr'>lacta</span> <span class='ocrx_word' id='word_1_139' title='bbox 1302 3647 1362 3707; x_wconf 86' lang='lat' dir='ltr'>per</span> <span class='ocrx_word' id='word_1_140' title='bbox 1377 3632 1413 3686; x_wconf 84' lang='lat' dir='ltr'>D.</span> <span class='ocrx_word' id='word_1_141' title='bbox 1424 3625 1629 3686; x_wconf 81' lang='lat' dir='ltr'>Franciacnm</span> <span class='ocrx_word' id='word_1_142' title='bbox 1647 3628 1772 3681; x_wconf 86' lang='lat' dir='ltr'>Petrar-</span> 
     </span>
     <span class='ocr_line' id='line_1_24' title="bbox 766 3728 1771 3808; baseline -0.009 -21"><span class='ocrx_word' id='word_1_143' title='bbox 766 3731 859 3789; x_wconf 83' lang='lat' dir='ltr'>cham</span> <span class='ocrx_word' id='word_1_144' title='bbox 873 3744 1004 3808; x_wconf 79' lang='lat' dir='ltr'>poetam</span> <span class='ocrx_word' id='word_1_145' title='bbox 1021 3730 1206 3789; x_wconf 81' lang='lat' dir='ltr'>laurentum</span> <span class='ocrx_word' id='word_1_146' title='bbox 1219 3731 1253 3788; x_wconf 94' lang='lat' dir='ltr'>in</span> <span class='ocrx_word' id='word_1_147' title='bbox 1264 3731 1402 3790; x_wconf 84' lang='lat' dir='ltr'>civitate</span> <span class='ocrx_word' id='word_1_148' title='bbox 1417 3728 1579 3788; x_wconf 84' lang='lat' dir='ltr'>Novariae</span> <span class='ocrx_word' id='word_1_149' title='bbox 1594 3744 1703 3782; x_wconf 86' lang='lat' dir='ltr'>coram</span> <span class='ocrx_word' id='word_1_150' title='bbox 1716 3741 1771 3802; x_wconf 91' lang='lat' dir='ltr'>po-</span> 
     </span>
     <span class='ocr_line' id='line_1_25' title="bbox 767 3825 1768 3913; baseline -0.013 -20"><span class='ocrx_word' id='word_1_151' title='bbox 767 3835 845 3913; x_wconf 90' lang='lat' dir='ltr'>pulo</span> <span class='ocrx_word' id='word_1_152' title='bbox 867 3825 1010 3892; x_wconf 85' lang='lat' dir='ltr'>eiusdem</span> <span class='ocrx_word' id='word_1_153' title='bbox 1026 3833 1193 3904; x_wconf 84' lang='lat' dir='ltr'>civitatis,</span> <span class='ocrx_word' id='word_1_154' title='bbox 1208 3843 1241 3892; x_wconf 85' lang='lat' dir='ltr'>et</span> <span class='ocrx_word' id='word_1_155' title='bbox 1255 3845 1429 3911; x_wconf 82' lang='lat' dir='ltr'>praesente</span> <span class='ocrx_word' id='word_1_156' title='bbox 1444 3827 1614 3908; x_wconf 79' lang='lat' dir='ltr'>Magnifice</span> <span class='ocrx_word' id='word_1_157' title='bbox 1631 3825 1768 3885; x_wconf 90' lang='lat' dir='ltr'>Domino</span> 
     </span>
     <span class='ocr_line' id='line_1_26' title="bbox 770 3927 1772 4002; baseline -0.013 -8"><span class='ocrx_word' id='word_1_158' title='bbox 770 3935 888 3994; x_wconf 81' lang='lat' dir='ltr'>Galeaz</span> <span class='ocrx_word' id='word_1_159' title='bbox 910 3936 950 3994; x_wconf 86' lang='lat' dir='ltr'>dc</span> <span class='ocrx_word' id='word_1_160' title='bbox 960 3933 1219 3996; x_wconf 55' lang='lat' dir='ltr'>vicecomitibus</span> <span class='ocrx_word' id='word_1_161' title='bbox 1240 3935 1280 3994; x_wconf 82' lang='lat' dir='ltr'>de</span> <span class='ocrx_word' id='word_1_162' title='bbox 1302 3933 1508 4002; x_wconf 80' lang='lat' dir='ltr'>Mediolano,</span> <span class='ocrx_word' id='word_1_163' title='bbox 1530 3931 1608 3990; x_wconf 85' lang='lat' dir='ltr'>dum</span> <span class='ocrx_word' id='word_1_164' title='bbox 1624 3927 1713 3986; x_wconf 86' lang='lat' dir='ltr'>dicta</span> <span class='ocrx_word' id='word_1_165' title='bbox 1727 3927 1772 3982; x_wconf 84' lang='lat' dir='ltr'>ci·</span> 
     </span>
     <span class='ocr_line' id='line_1_27' title="bbox 768 4029 1769 4119; baseline -0.018 -17"><span class='ocrx_word' id='word_1_166' title='bbox 768 4043 855 4102; x_wconf 76' lang='lat' dir='ltr'>vitas</span> <span class='ocrx_word' id='word_1_167' title='bbox 871 4039 987 4100; x_wconf 84' lang='lat' dir='ltr'>fuisset</span> <span class='ocrx_word' id='word_1_168' title='bbox 1001 4038 1132 4099; x_wconf 85' lang='lat' dir='ltr'>rebellis</span> <span class='ocrx_word' id='word_1_169' title='bbox 1147 4041 1211 4119; x_wconf 81' lang='lat' dir='ltr'>ipsi</span> <span class='ocrx_word' id='word_1_170' title='bbox 1234 4041 1391 4108; x_wconf 89' lang='lat' dir='ltr'>Domino,</span> <span class='ocrx_word' id='word_1_171' title='bbox 1406 4037 1541 4096; x_wconf 88' lang='lat' dir='ltr'>reducta</span> <span class='ocrx_word' id='word_1_172' title='bbox 1556 4033 1598 4093; x_wconf 84' lang='lat' dir='ltr'>ad</span> <span class='ocrx_word' id='word_1_173' title='bbox 1614 4029 1769 4090; x_wconf 85' lang='lat' dir='ltr'>obedien·</span> 
     </span>
     <span class='ocr_line' id='line_1_28' title="bbox 769 4132 1768 4214; baseline -0.01 -14"><span class='ocrx_word' id='word_1_174' title='bbox 769 4145 849 4202; x_wconf 87' lang='lat' dir='ltr'>tiam</span> <span class='ocrx_word' id='word_1_175' title='bbox 873 4145 953 4203; x_wconf 87' lang='lat' dir='ltr'>dicti</span> <span class='ocrx_word' id='word_1_176' title='bbox 975 4143 1106 4204; x_wconf 76' lang='lat' dir='ltr'>Domini</span> <span class='ocrx_word' id='word_1_177' title='bbox 1121 4141 1240 4203; x_wconf 83' lang='lat' dir='ltr'>Galeaz</span> <span class='ocrx_word' id='word_1_178' title='bbox 1266 4141 1342 4202; x_wconf 78' lang='lat'><strong>1356</strong></span> <span class='ocrx_word' id='word_1_179' title='bbox 1364 4161 1454 4200; x_wconf 83' lang='lat' dir='ltr'>xvru</span> <span class='ocrx_word' id='word_1_180' title='bbox 1475 4141 1575 4198; x_wconf 88' lang='lat' dir='ltr'>Iunii.</span> <span class='ocrx_word' id='word_1_181' title='bbox 1597 4141 1635 4197; x_wconf 79' lang='lat' dir='ltr'>Vt</span> <span class='ocrx_word' id='word_1_182' title='bbox 1648 4132 1768 4214; x_wconf 81' lang='lat' dir='ltr'>populo</span> 
     </span>
     <span class='ocr_line' id='line_1_29' title="bbox 769 4229 1672 4325; baseline -0.009 -22"><span class='ocrx_word' id='word_1_183' title='bbox 769 4229 916 4313; x_wconf 66' lang='lat' dir='ltr'>reniret,</span> <span class='ocrx_word' id='word_1_184' title='bbox 927 4265 1059 4323; x_wconf 76' lang='lat' dir='ltr'>prorsas</span> <span class='ocrx_word' id='word_1_185' title='bbox 1069 4246 1225 4325; x_wconf 77' lang='lat' dir='ltr'>populari</span> <span class='ocrx_word' id='word_1_186' title='bbox 1239 4245 1316 4302; x_wconf 77' lang='lat' dir='ltr'>stilo</span> <span class='ocrx_word' id='word_1_187' title='bbox 1331 4261 1409 4302; x_wconf 77' lang='lat' dir='ltr'>auus</span> <span class='ocrx_word' id='word_1_188' title='bbox 1425 4257 1470 4300; x_wconf 80' lang='lat' dir='ltr'>est</span> <span class='ocrx_word' id='word_1_189' title='bbox 1485 4239 1672 4301; x_wconf 79' lang='lat' dir='ltr'>Patrarclm.</span> 
     </span>
    </p>
   </div>
   <div class='ocr_carea' id='block_1_7' title="bbox 0 0 2137 5826">
    <p class='ocr_par' dir='ltr' id='par_1_7' title="bbox 0 0 2137 5826">
     <span class='ocr_line' id='line_1_30' title="bbox 0 0 2137 5826; baseline 0 0"><span class='ocrx_word' id='word_1_190' title='bbox 0 0 2137 5826; x_wconf 95' lang='lat' dir='ltr'> </span> 
     </span>
    </p>
   </div>
  </div>
 </body>
</html>
