4254 5824
1242 643 1277 736 5
1289 645 1320 717 0

781 853 875 907 rum
895 828 1148 906 excitaverit
1169 825 1394 906 invidiam·
1412 820 1693 908 Glo'r'rabatur
1711 859 1779 911 ve·

777 1001 825 1052 ro
844 975 1091 1082 praesertim
1107 972 1456 1056 Columnensium
1472 977 1634 1086 gratia,
1647 1007 1672 1056 e
1685 979 1776 1084 qui·

777 1121 857 1200 bus
884 1120 1316 1204 Iacobus-*factuam
1344 1149 1562 1204 nouom
1596 1121 1775 1205 Lomba-

775 1269 829 1346 rii
854 1273 1101 1380 episcopus,
1124 1273 1428 1379 quaes-civitas
1450 1293 1513 1352 est
1541 1273 1588 1351 in
1614 1269 1776 1352 Vasco-

778 1417 852 1494 nia
888 1419 943 1496 ad
977 1439 1137 1500 montes
1174 1418 1407 1533 Pyreneus,
1442 1421 1582 1502 secum
1615 1419 1773 1500 habere

776 1568 1022 1676 concupivit
1041 1563 1324 1660 franciscum
1354 1571 1552 1649 comitem
1585 1567 1775 1658 itineris,

772 1716 889 1820 qnod
905 1715 1072 1794 adeum
1089 1714 1230 1795 locum
1245 1718 1446 1825 suscepit.
1466 1713 1658 1794 Fuerunt
1677 1739 1774 1794 cum

774 1880 837 1940 eo·
856 1860 1054 1974 Aloysius
1091 1865 1269 1972 qnidam
1303 1865 1356 1944 aul
1389 1861 1531 1944 Rheni
1556 1864 1696 1970 ripas,
1729 1878 1771 1938 et

774 2007 922 2092 Lellus
953 2011 1009 2091 de
1042 2011 1175 2092 Lellis
1209 2039 1412 2126 generosa
1444 2015 1575 2120 stirpe
1616 2007 1775 2088 Romae

772 2179 920 2255 natus,
946 2164 1059 2241 inter
1084 2189 1192 2270 quos
1216 2163 1508 2256 voluntatum,
1534 2155 1774 2240 studiorum

774 2312 1168 2419 sententiarumque
1193 2313 1409 2392 consensio
1441 2307 1568 2388 talem
1594 2300 1776 2411 conglu-

772 2458 929 2538 tinavit
955 2460 1210 2554 amicitiam,
1229 2480 1279 2540 ut
1297 2457 1421 2539 nullo
1437 2479 1624 2563 unquam
1642 2448 1777 2530 fuerit

773 2607 1063 2688 coniunctior.
1088 2605 1232 2687 Multa
1256 2628 1299 2688 et
1316 2606 1505 2688 illustria
1528 2601 1659 2680 huius
1676 2623 1772 2676 con-

770 2753 1002 2836 iunctionis
1035 2777 1185 2837 extant
1217 2774 1493 2837 monumenta
1525 2753 1572 2829 in
1597 2746 1772 2827 Petrar·

772 2899 876 2980 chae
903 2905 1093 3012 scriptis,
1120 2907 1198 3013 qui
1231 2903 1353 2983 illum
1379 2903 1563 3010 priorem
1589 2892 1773 2973 Socratis

664 3079 666 3086 ¹
769 3052 939 3130 nomine
957 3051 1219 3162 appellavit,
1237 3051 1399 3132 idcirco
1418 3050 1524 3156 quia
1547 3072 1633 3156 non
1654 3064 1776 3122 secus

771 3221 818 3274 ac
844 3198 890 3274 in
913 3194 1079 3278 Graeco
1105 3197 1497 3309 philosophoaerat
1525 3197 1570 3273 in
1595 3218 1645 3270 eo
1668 3184 1771 3266 dul-

771 3343 849 3436 cis,
875 3343 1037 3430 facetus
1062 3347 1326 3455 festivusque
1353 3373 1503 3438 sermo,
1528 3341 1639 3421 idem
1668 3359 1770 3414 sem-

766 3517 844 3599 per
871 3491 1040 3591 vnltus,
1075 3497 1317 3576 constantia
1351 3516 1394 3574 et
1428 3491 1601 3572 firmitas
1636 3481 1766 3562 animi

769 3667 940 3746 prorsus
970 3643 1217 3754 singularis.
1251 3641 1372 3722 Poesi
1397 3639 1630 3748 plurimum
1655 3628 1773 3732 oble·⁸

772 3757 997 3885 etabatur,
1032 3808 1079 3870 et
1116 3791 1308 3870 musices·
1331 3799 1435 3868 erat·
1464 3783 1778 3894 peritissimus„-

770 3963 883 4042 quue
899 3964 966 4015 ars
984 3935 1159 4032 fortassee
1186 3933 1443 4017 aditum-illi
1464 3935 1517 4014 nl
1538 3926 1769 4012 amicitiem
1821 3929 1827 3944 '

771 4081 1004 4166 Columnae
1035 4085 1264 4196 patefecit,
1295 4113 1390 4176 cum
1416 4111 1502 4192 quo
1534 4080 1642 4174 fuit,
1668 4071 1767 4152 dum

771 4231 805 4308 is
830 4233 963 4328 vixit3
989 4255 1084 4343 post
1109 4233 1227 4344 quod
1259 4254 1426 4341 tempus
1451 4227 1679 4311 famulatus
1705 4239 1765 4299 est
