4260 5826
1214 665 1340 759 144

780 839 972 920 exaravit
990 837 1041 919 de
1060 839 1291 952 Republica
1309 846 1462 955 optime
1477 841 1770 926 administran-

778 987 856 1078 da,
876 991 1024 1098 inquo
1050 992 1084 1068 si
1109 992 1361 1102 pervulgata
1380 1015 1608 1104 praecepta
1627 994 1679 1074 de
1705 1021 1772 1074 ca-

779 1137 940 1245 ptando
965 1137 1229 1219 subditorum
1255 1140 1506 1249 populorum
1535 1170 1698 1235 amore,
1717 1141 1769 1221 de

778 1285 1000 1393 superbia,
1014 1285 1206 1381 fastidio,
1220 1289 1461 1399 arrogantia
1480 1288 1703 1400 fugienda,
1717 1288 1770 1366 de

779 1431 1036 1512 honorandis
1061 1433 1304 1519 hominibus
1322 1439 1484 1520 virtute
1510 1457 1552 1518 et
1577 1437 1771 1518 doctrina

778 1579 1005 1688 praeditis,
1023 1581 1076 1660 de
1103 1585 1375 1664 emendandis
1400 1585 1519 1664 malis
1545 1586 1772 1666 civitatum

779 1729 967 1808 moribus
991 1750 1081 1809 tum
1112 1730 1277 1840 legibus
1301 1755 1390 1813 tum
1415 1732 1631 1842 exemp10,
1656 1733 1771 1840 quod

729 1845 745 1862 „‚
778 1874 831 1953 sit
850 1877 1006 1985 ‘optimi
1033 1878 1237 1987 principis
1262 1907 1347 1958 non
1371 1881 1518 1960 animis
1543 1877 1674 1958 solum
1700 1878 1772 1956 sed

779 2025 908 2102 etiam
926 2022 1059 2103 oculis
1084 2027 1240 2106 servire
1259 2028 1439 2122 civium,
1460 2026 1703 2106 decantasse
1724 2024 1773 2104 ti·

777 2170 824 2250 bi
850 2171 1092 2268 videbitur,
1124 2173 1169 2252 id
1198 2174 1365 2254 saeculo
1395 2176 1546 2255 mentis
1570 2176 1771 2278 vitaeque

780 2318 1039 2425 tranquillae
1076 2321 1361 2400 inimicissimo
1398 2323 1615 2429 omnisque
1645 2348 1810 2435 prae-l

780 2463 919 2544 clarae
940 2467 1043 2548 artis
1061 2468 1207 2577 ignaro
1227 2467 1411 2562 tribues,
1423 2470 1494 2546 cui
1506 2467 1575 2545 vel
1593 2494 1644 2544 ea
1662 2493 1773 2572 quae

780 2613 948 2692 suntin
982 2611 1120 2692 medio
1152 2613 1291 2721 posita
1324 2612 1564 2709 inculeare,
1597 2638 1775 2722 magnae

777 2757 1032 2864 prudentiae
1060 2757 1350 2867 utilitatisque
1376 2787 1464 2842 esse
1490 2759 1737 2844 videbatur.

1174 3019 1390 3092 XXXIV.

869 3197 919 3278 In
954 3228 1004 3279 eo
1042 3229 1213 3309 quoque
1249 3203 1445 3283 laudabis
1480 3199 1773 3295 Petrarcham,

690 3449 694 3458 1
779 3343 894 3451 quod
921 3373 1015 3426 cum
1040 3347 1191 3429 soleret
1216 3343 1366 3460 (nimis
1391 3350 1660 3430 abundanter
1684 3348 1774 3454 qui·

780 3486 902 3603 dem)
928 3494 1056 3574 dictis
1079 3517 1121 3576 et
1141 3497 1344 3607 exemplis
1371 3526 1423 3577 ex
1442 3493 1610 3577 Graeca
1630 3515 1672 3576 et
1694 3493 1778 3572 Ro·

778 3669 901 3722 mana
923 3647 1169 3751 praesertim
1195 3648 1459 3754 antiquitate
1483 3645 1659 3754 sumptis
1684 3669 1776 3720 sen·
1894 3700 1897 3704 -

779 3790 937 3868 tentias
965 3816 1057 3870 suas
1085 3789 1330 3872 confirmare
1342 3851 1361 3888 ,ι
1380 3813 1543 3874 tautam
1567 3790 1776 3870 eruditio-

779 3936 842 4012 nis
867 3937 952 4016 vim
977 3937 1058 4016 sibi
1085 3942 1415 4049 comparaverit,
1440 3961 1489 4020 ut
1518 3967 1637 4018 omne
1664 3937 1777 4017 anti-

781 4083 962 4186 quitatis
992 4084 1125 4192 ipsius
1159 4089 1243 4165 iter
1278 4087 1442 4168 novisse
1466 4085 1685 4167 videatur.
1710 4077 1772 4158 Ex
1872 4097 1875 4102 ·

780 4253 866 4333 quo
901 4226 1053 4324 fiebat,
1082 4251 1130 4312 ut
1164 4231 1509 4344 diligentissimus
1545 4239 1772 4311 esset'non
