4180 5796
811 619 923 711 ιθ]
994 549 995 554 ¹

377 855 435 902 mo
457 835 515 900 rno'
540 828 647 906 fleat,
669 845 776 892 nemo
797 819 889 888 mihi
917 814 1104 893 lacrimas,
1126 811 1190 880 sed
1218 832 1287 904 pro
1309 832 1366 879 me

380 953 528 1022 Christo
551 951 702 1042 preces,
724 959 761 1013 et
782 941 849 1034 qui
870 955 1008 1032 potest,
1029 933 1171 1003 Christi
1193 933 1373 1026 pauperi-

314 1137 317 1148 .
379 1073 449 1142 bos
465 1072 674 1148 ceritatem,
693 1087 762 1160 pro
783 1086 840 1132 mo
863 1083 970 1130 orare
991 1055 1159 1136 monitis,
1187 1053 1372 1148 porrigam

378 1197 450 1272 hoc
462 1193 558 1262 mihi
573 1189 747 1285 prodesse
762 1185 920 1279 poterit:
936 1182 1043 1252 fletos
1059 1196 1183 1248 autem
1199 1193 1235 1245 et
1245 1173 1376 1243 defun·

380 1316 455 1382 ctis
468 1313 639 1392 inutilis,
660 1329 696 1380 et
711 1309 887 1378 flentibus
905 1324 963 1374 ert
976 1303 1192 1372 damnosus.
1215 1298 1267 1365 De
1289 1299 1372 1366 loeo

382 1455 505 1511 autem
520 1459 596 1504 non
612 1455 835 1530 magnopere
851 1453 962 1498 curo.
977 1425 1181 1494 Contentor
1195 1419 1286 1515 poni
1301 1418 1379 1487 ubi-

383 1581 542 1650 cumque
559 1558 635 1625 Deo
651 1553 855 1650 placuerit,
870 1550 966 1619 otiis
983 1547 1051 1641 qui
1066 1547 1160 1615 hanc
1176 1564 1304 1612 curam
1319 1563 1376 1608 su·

385 1681 530 1772 eripere
552 1679 826 1774 dignabuntur.
849 1673 887 1742 Si
907 1691 1030 1742 tamen
1061 1666 1277 1762 expressius
1298 1685 1378 1730 mea

385 1801 430 1868 de
453 1803 523 1868 hoo
543 1801 721 1871 volontas
751 1796 995 1888 exquirato13
1018 1791 1172 1886 sepeliri
1193 1786 1326 1865 velim,
1348 1783 1379 1850 si

385 1919 548 2000 Pariusue,
569 1919 638 1989 obi
660 1942 765 1987 norro
796 1939 898 1998 sir-nr,
921 1916 1079 1995 morior,
1101 1915 1142 1980 in
1163 1907 1319 1978 ecclesis
1343 1903 1379 1972 S.

385 2039 910 2135 Augustini‚'q.tiom·Frotres
933 2035 1210 2106 Proedioatores
1231 2043 1378 2096 tenent:

386 2162 477 2253 quia
492 2179 528 2230 et
550 2163 655 2232 loeus
677 2162 820 2231 animae
843 2183 943 2228 meae
960 2175 1106 2254 gratus,
1121 2171 1157 2226 et
1180 2154 1276 2220 iacet
1299 2147 1381 2216 illio

383 2283 414 2348 is
436 2284 504 2375 qui
526 2307 583 2352 me
612 2284 819 2374 plurimum
841 2279 993 2360 dilexit,
1021 2280 1137 2370 inque
1166 2275 1232 2344 has
1253 2289 1374 2338 terras

384 2404 457 2494 piis
481 2404 662 2495 ‘precihus
690 2404 871 2482 attraxit,
900 2399 1218 2494 praeclarissimae
1247 2415 1386 2464 memo-

286 2604 292 2616 χ
381 2523 464 2613 ries
476 2523 637 2594 tacebas
654 2525 699 2591 de
719 2523 913 2602 Carraria,
924 2541 1015 2590 torte
1032 2520 1176 2591 Paduae
1193 2517 1388 2586 Dominus:

386 2643 418 2708 si
439 2653 564 2738 aptoni
586 2643 802 2737 Arquadae,
825 2643 894 2712 ubi
922 2641 1064 2712 ruralis
1091 2637 1273 2708 habitatio
1303 2659 1385 2706 meo

386 2780 458 2842 est,
481 2763 579 2835 diem
607 2765 797 2844 clausero,
818 2773 854 2832 et
883 2765 983 2832 Deos
1012 2759 1275 2853 mihitorrtom
1296 2780 1387 2826 cons·

386 2888 539 2954 cesserit
554 2895 576 2966 ‚‘
589 2886 694 2978 quod
715 2885 824 2956 valde
852 2885 985 2977 cupio,
1011 2869 1192 2977 capellam
1220 2880 1275 2950 ibi
1296 2879 1386 2947 exi·-

385 3031 493 3100 guam
509 3009 561 3078 rad
582 3011 765 3078 honorem
793 3006 1026 3076 beatissimae
1048 3004 1216 3098 Virginis
1244 3001 1386 3072 Mariae

387 3145 599 3210 exstruere,
620 3130 783 3220 illicque
813 3128 968 3221 sepeliri
990 3128 1106 3223 oligo,
1123 3125 1302 3217 alioquin
1327 3122 1388 3190 in·-

386 3246 507 3318 serius
534 3250 577 3318 in
606 3251 733 3344 aliquo
764 3252 846 3318 loeo
874 3252 1031 3320 honesto
1062 3250 1169 3318 iorrto
1193 3243 1387 3316 ecelesiam

386 3367 525 3458 plebis.
546 3369 609 3436 Sin
631 3370 799 3438 Venetiis
819 3373 977 3449 moriar,
1000 3369 1090 3462 poni
1114 3369 1200 3436 volo
1233 3366 1273 3434 in
1302 3366 1386 3432 loc'o

387 3487 419 3552 S·
431 3487 619 3561 Francisoi
635 3489 680 3560 de
691 3491 826 3570 Vinea,
840 3491 921 3558 illic
938 3501 1023 3560 ante
1040 3487 1178 3558 ostium
1192 3484 1386 3554 eeclesiae.

387 3607 451 3676 Sin
466 3609 688 3692 Mediolani,
703 3629 787 3680 ante
803 3613 997 3682 ecelesiam
1014 3611 1052 3680 B.
1062 3607 1265 3686 Ambrosii,
1282 3606 1388 3675 iuxta

386 3730 554 3820 Pronum
572 3732 792 3813 introitum,
812 3733 882 3825 qui
901 3731 1069 3804 civitatis
1089 3754 1214 3799 muros
1235 3725 1385 3820 aspicit.

388 3849 425 3917 Si
442 3850 591 3944 Papiae,
607 3856 647 3924 in
661 3856 817 3936 eeclesia
833 3855 870 3926 δέ
877 3855 1096 3951 Augustini,
1111 3853 1180 3924 ubi
1195 3849 1389 3920 Fratribus

389 3969 512 4046 visum
528 3974 665 4044 fuerit.
679 3978 719 4044 Si
735 3995 859 4048 autem
876 3979 1030 4060 Romae,
1047 3977 1087 4047 in
1102 3975 1258 4046 ecelesia
1272 3969 1390 4040 &Ma-

388 4091 467 4160 riae
483 4093 655 4178 Maioris,
677 4099 739 4166 vel
761 4099 793 4164 S.
809 4097 927 4180 Petri,
945 4101 1011 4168 ubi
1028 4100 1101 4168 erit
1116 4091 1386 4190 oPportun'ios·,

389 4216 451 4287 vel
470 4215 578 4289 iuxta
599 4221 791 4290 ecclesiam
812 4219 906 4289 hanc
931 4223 993 4291 vel
1014 4223 1133 4300 illam,
1156 4217 1253 4284 sicut
1274 4213 1389 4281 Cerro-

1143 4313 1173 4360 23
1188 4345 1195 4358 .
