4180 5796
789 677 903 768 157

356 884 475 963 rent,
505 863 829 969 iudicarentque
860 855 968 938 nihil
1003 883 1111 951 esse,
1142 845 1267 963 quod,
1293 845 1349 932 ad

356 1013 526 1108 laudem
561 1039 609 1090 ac
636 1035 781 1090 verum
813 1007 1020 1098 attineat,
1045 1001 1160 1109 quod
1190 1003 1224 1080 is
1260 1029 1345 1080 non

357 1161 515 1269 optime
539 1119 714 1265 propter
738 1178 935 1231 summam
961 1141 1231 1258 prudentiam
1253 1174 1347 1228 oum

356 1307 505 1415 magno
525 1331 663 1382 rerum
681 1327 760 1379 usu
778 1301 1048 1377 coniunctam
1066 1287 1349 1404 perspexerit,

357 1455 483 1560 eique
508 1479 618 1542 non,
638 1451 726 1526 sine
753 1449 1004 1552 cuiusquam
1027 1440 1287 1538 hortatione,
1306 1447 1350 1522 in

360 1619 540 1680 mentem
559 1597 754 1704 quotidie
775 1595 955 1673 veniret.
981 1589 1097 1669 Haec
1116 1593 1208 1700 ipsa
1226 1593 1353 1698 respi-

360 1750 473 1826 ciens
492 1744 682 1824 Summus
701 1739 898 1820 Pontifex
910 1735 1217 1851 GregoriusXI
1229 1759 1353 1846 prae-

357 1893 518 1971 clarum
543 1887 710 1968 moralis
746 1889 943 1964 scientiae
968 1884 1108 1964 lumea
1134 1887 1351 1994 appellare

361 2035 826 2120 Petrarcham'minime
851 2035 1068 2114 dubitavit
1092 2036 1143 2112 iis
1165 2037 1211 2116 in
1236 2037 1354 2116 litte-

360 2189 417 2264 ris
436 2182 503 2280 (1),
523 2184 681 2293 quibus
693 2179 930 2262 'Guillelmo
950 2178 1200 2264 Novelletto
1227 2181 1356 2295 Lega-

364 2355 407 2414 to
431 2333 678 2444 mandatum
702 2297 822 2410 dedit
841 2333 894 2411 de
915 2332 1108 2410 omnibus
1126 2315 1241 2410 illius
1261 2334 1358 2410 scri-

362 2481 447 2588 ptis
479 2447 750 2588 colligendis}
776 2479 846 2558 ad,
874 2507 915 2557 se
942 2505 1069 2586 seque
1094 2478 1356 2560 Avenionem

363 2627 603 2722 mittendis,
624 2627 745 2734 quasi
765 2625 948 2721 doleret,
965 2625 1040 2706 illo
1063 2628 1357 2722 extincto‚un·

288 2775 291 2780 ’
364 2776 416 2853 de
441 2773 694 2866 disceretur,
718 2770 806 2850 fore
832 2774 1054 2852 neminem.
1079 2769 1142 2850 Ex
1167 2759 1355 2881 epistolis

365 2918 618 3000 Petrarohae
643 2917 757 2997 hune
783 2945 954 3025 quoque
988 2917 1171 2998 fructum
1203 2948 1353 3029 capere

364 3091 604 3178 possumus,
630 3067 747 3172 quod
780 3067 931 3146 multos
966 3069 1010 3148 in
1045 3067 1171 3146 laude
1197 3072 1355 3178 positos

366 3325 1357 3350 memueooommuomom

424 3446 469 3522 (ι)
492 3443 639 3522 Υιιῑθανὶι
653 3443 710 3499 has
723 3444 898 3500 Caietanus
908 3445 1075 3502 Marinius
1096 3445 1133 3502 in
1148 3444 1316 3502 Volumine
1328 3447 1364 3502 Π

360 3567 394 3626 p.
413 3569 447 3606 rr
467 3546 589 3624 operis,
605 3543 688 3623 quod
712 3545 878 3624 inscripsit
899 3548 983 3626 degli
1002 3549 1164 3607 Archiatri
1180 3549 1355 3607 Pontificii.

365 3654 431 3708 Hos
445 3649 625 3708 testimonio
634 3649 771 3727 aliisque
789 3649 900 3708 multis
907 3649 1035 3727 probari
1046 3665 1150 3730 potest
1165 3651 1298 3709 minime
1312 3633 1364 3710 ess-¹

365 3753 510 3811 lemniae
532 3753 801 3830 reprehensionem
825 3753 976 3833 effugisse
991 3753 1154 3825 staurium
1176 3754 1210 3812 ob
1226 3773 1262 3811 ea
1280 3773 1368 3836 quas·

367 3855 403 3912 de
419 3853 589 3912 Petrarcba
601 3855 739 3932 protulit
754 3857 792 3912 irs
806 3855 885 3913 libro
898 3859 1024 3913 XCVII
1039 3853 1360 3914 HistoriueEcclest‘a·

369 3956 469 4012 eticae
477 3994 488 4022 ,
503 3974 583 4032 quoe
602 3971 673 4012 crem
692 3957 880 4014 abhorreant
894 3979 913 4015 a
929 3959 1064 4027 litteris,
1081 3959 1119 4016 ab
1140 3959 1360 4027 humanitate,

369 4071 438 4113 tum
453 4077 525 4114 vero
540 4058 701 4114 contraria
717 4074 794 4113 sunt
809 4074 945 4118 naturae
964 4059 1122 4128 hominis,
1142 4059 1197 4136 qui
1214 4073 1314 4118 totum
1329 4080 1363 4116 α-

370 4158 1369 4238 nimam,cnram,co9iraei0nemquestampensisinomnium,
1482 4203 1486 4208 .

370 4261 467 4320 laude
483 4262 628 4339 undique
642 4261 820 4340 colligenda
836 4277 929 4341 atque
940 4260 1164 4341 promerendo.
