4260 5826
1204 641 1318 735 140

1031 1027 1035 1038 Ι
1148 928 1376 1006 xxxur.

786 1181 790 1188 .
840 1111 1016 1214 Quoties
1025 1113 1279 1216 Potrarchae
1298 1117 1569 1198 tractandum
1586 1117 1760 1204 fuithoo

767 1263 1119 1342 concertatorium
1150 1263 1320 1351 dicendi
1356 1293 1515 1377 genus,
1541 1295 1760 1375 nunquam

762 1439 848 1490 non
867 1411 1007 1519 palam
1032 1411 1135 1490 fecit
1152 1412 1277 1490 facile
1304 1412 1369 1490 illi
1389 1414 1647 1496 concaluisse
1672 1439 1758 1498 sto-

762 1556 977 1652 machum,
990 1587 1084 1637 cum
1102 1561 1147 1637 in
1166 1559 1383 1640 hominum
1399 1564 1584 1670 ineptias
1600 1585 1646 1646 et
1662 1565 1760 1644 stul-

764 1707 881 1784 titias
907 1707 1181 1817 incurrebat,¹
1208 1730 1250 1789 et
1277 1733 1398 1790 erant
1426 1703 1630 1789 eiusmodi
1657 1731 1758 1790 tem-

762 1857 868 1961 p'ora
899 1853 999 1948 illa‚.
1025 1877 1073 1934 ut
1109 1855 1258 1952 homo,
1296 1861 1370 1965 qui
1398 1861 1528 1938 vitam
1563 1885 1677 1938 suam
1704 1858 1758 1936 ad

761 2001 1024 2109 reipublicae
1051 2023 1210 2082 statum
1236 2025 1278 2082 et
1304 2005 1358 2083 ad
1383 2007 1650 2115 ingeniorum
1678 2004 1757 2084 lit-

761 2170 1033 2258 terarumque
1059 2151 1221 2230 cultum
1240 2153 1518 2247 reservabat,
1544 2155 1754 2235 inveniret

762 2298 920 2393 multa,
947 2301 1104 2405 quibus
1129 2301 1220 2380 eius
1253 2297 1541 2381 offenderetur
1565 2305 1750 2382 animus.

759 2444 926 2526 Reiecit
945 2445 1252 2558 astrologorum
1271 2448 1517 2556 praedicta,
1533 2471 1575 2528 et
1601 2451 1761 2556 attritur¹

759 2591 1034 2702 reprehendit
1060 2591 1127 2674 sos
1150 2600 1231 2702 qui
1254 2623 1338 2676 non
1373 2585 1459 2676 tam
1485 2596 1593 2674 caeli
1619 2597 1753 2678 ratio-

757 2769 852 2822 nem
881 2739 1009 2850 quani
1045 2741 1198 2823 caelati
1234 2745 1397 2855 argenti
1425 2745 1669 2836 ducebant3
1704 2743 1752 2822 li·

758 2888 859 2968 bere
886 2919 1063 2972 monere·
1082 2885 1175 2970 non¹
1199 2879 1363 2972 dastitit
1389 2883 1611 2986 homines,¹
1628 2919 1681 2970 ne
1711 2877 1763 2970 ss-

758 3037 899 3146 decipi
927 3031 1260 3148 paterenturab
1284 3043 1336 3120 iis
1361 3043 1437 3148 qui
1461 3029 1515 3119 ax
1540 3040 1763 3123 vilissimis’

756 3185 937 3265 metallis
979 3209 1128 3266 aurum
1164 3187 1345 3268 conflare
1382 3216 1424 3267 se
1461 3203 1578 3297 posse
1612 3191 1752 3265 'iacta-

756 3331 860 3412 bant
874 3357 899 3426 ς.
913 3333 1098 3414 liberare
1118 3337 1282 3416 studuit
1302 3334 1596 3446 philosophiae
1617 3315 1752 3414 culto?-

756 3508 821 3558 res
837 3483 980 3564 servili
996 3471 1349 3566 Scholasticoruin
1366 3488 1486 3597 iugo,
1499 3485 1616 3592 quod
1634 3511 1752 3592 pror-

756 3655 822 3708 sus
854 3632 1075 3744 mirabile,
1101 3637 1134 3712 si
1170 3656 1364 3744 tempora
1397 3655 1584 3743 spectes,
1612 3631 1750 3712 vidori

756 3777 912 3860 debet.
936 3780 1117 3862 Tantum
1143 3785 1284 3862 inerat
1309 3782 1495 3862 studium
1516 3802 1558 3861 et
1578 3781 1752 3861 insitum

755 3927 928 4034 penitus
947 3949 1075 4036 atque
1103 3932 1291 4010 inustum
1317 3931 1531 4011 mentibus
1553 3955 1752 4036 quorum·-

755 4070 873 4170 dam,
894 4079 972 4182 qui
998 4106 1042 4158 se
1068 4082 1229 4160 anteire
1256 4102 1417 4162 ceteros
1444 4077 1655 4188 sapientia
1673 4103 1750 4184 pu-

754 4221 931 4319 tabant,
950 4254 1050 4335 erga
1066 4225 1318 4325 Averroem,
1331 4249 1380 4308 ut
1398 4257 1500 4338 prae
1519 4255 1568 4306 eo
1589 4225 1748 4332 sapien·
