4260 5826
781 648 892 745 129

750 943 921 1016 XXXI.

411 1125 552 1206 Fatali
571 1125 754 1232 quadam
773 1127 1023 1206 necessitate
1042 1125 1180 1202 sedern
1200 1143 1331 1202 muta·

338 1301 382 1352 re
408 1294 601 1370 coactus,
632 1274 685 1352 ob
717 1274 983 1384 repentinam
1012 1267 1332 1351 multitudinem

338 1415 560 1500 Gallorum
596 1419 880 1531 praedonum,
905 1421 1003 1526 qui,
1029 1418 1136 1497 duce
1173 1414 1335 1498 Montis

339 1564 501 1647 Ferrati
530 1565 719 1662 Comite,
742 1587 945 1646 terrorem
978 1585 1020 1644 et
1049 1562 1335 1674 pestilentiam
1454 1627 1458 1632 .

339 1712 729 1796 Mediolanensibus
749 1713 1007 1809 attulerunt,
1027 1712 1249 1794 Patavium
1268 1739 1337 1790 au·

282 1899 287 1908 =
341 1859 473 1970 fugit,
497 1891 637 1970 neque
656 1862 791 1942 multo
814 1883 909 1971 post
935 1862 989 1939 ob
1009 1863 1138 1969 pestis
1164 1885 1337 1968 quoque

342 2027 496 2086 metum
523 2005 725 2090 Venetiae
751 2036 792 2088 se
822 2008 1025 2089 contulit.
1052 2003 1118 2086 Ad
1143 2005 1336 2114 publicas
1449 2089 1450 2092 ,

342 2153 602 2236 calamitates
640 2158 812 2236 accessit
847 2155 1098 2236 domesticus
1133 2151 1254 2232 dolor
1283 2152 1338 2232 ob

342 2322 518 2382 mortem
538 2301 710 2382 Ioannis
735 2303 833 2400 filii,
853 2331 979 2411 quem
1001 2302 1190 2397 amabat,
1210 2329 1340 2408 quan·

343 2473 470 2553 quarn
497 2450 551 2528 ab
578 2479 626 2530 eo
663 2450 773 2532 nihil
810 2472 997 2560 speraret
1025 2450 1148 2534 boni.
1176 2448 1212 2526 A
1236 2477 1343 2528 surn-

342 2593 419 2670 mis
450 2594 623 2700 quidem
650 2596 751 2675 viris
777 2593 970 2674 Veronae
1004 2615 1046 2675 et
1078 2593 1249 2676 Parmae
1279 2598 1343 2676 ita

342 2739 565 2820 institutus
598 2741 763 2840 fuerat,
790 2763 837 2824 ut
874 2765 1022 2852 patre,
1049 2772 1150 2840 avo,
1174 2745 1343 2824 maiori-

344 2884 509 2993 busque
537 2889 621 2966 suis
647 2889 800 3000 dignus
825 2890 1044 2985 evaderet,
1072 2892 1142 2970 sed
1169 2893 1344 2970 inconsi-

343 3031 517 3128 derate,
553 3036 842 3148 negligenter,
875 3037 1141 3146 licenterque
1165 3015 1272 3121 ¹adeo
1300 3067 1341 3120 se

344 3180 491 3287 gessit,
517 3203 565 3261 ut
599 3210 723 3292 saepe
752 3188 886 3294 patris
914 3189 1169 3297 patientiam
1198 3207 1341 3267 tenta-

344 3326 476 3419 verit,
514 3355 652 3436 aquo
683 3331 807 3411 semel
838 3336 1079 3442 iterumque
1110 3335 1233 3413 domo
1263 3362 1341 3413 ex-

345 3471 490 3579 pulsus
524 3473 626 3558 fuit.
660 3475 893 3588 Nunquam
931 3502 1072 3562 tamen
1102 3481 1246 3578 illurn,
1272 3481 1341 3561 vel

345 3615 516 3699 durnin
547 3625 685 3704 media
712 3625 899 3707 stultitia
923 3628 1099 3708 haerere
1125 3627 1343 3740 intellige-

345 3761 445 3858 bat,
481 3796 651 3875 prorsus
679 3774 893 3872 deseruit,
925 3800 1054 3888 atque
1083 3781 1129 3857 in
1163 3779 1342 3890 gratiam

345 3912 617 4014 restituerat,
634 3923 807 4027 quando
827 3925 861 4003 is
881 3947 1054 4006 mortem
1080 3953 1128 4006 rv
1149 3925 1204 4004 id.
1231 3922 1340 4004 Sext.

289 4087 317 4106 *-
347 4085 410 4136 an.
431 4085 628 4144 uooonxr
652 4067 809 4151 obivit.
832 4071 1015 4154 Omnino
1035 4073 1252 4184 respondit
1271 4101 1342 4181 pa·

346 4209 476 4286 ternis
496 4209 645 4292 studiis
669 4211 701 4290 F
705 4219 917 4316 rancisca,
936 4251 1062 4328 quam
1083 4223 1240 4329 nuptui
1260 4219 1346 4299 ool·

1148 4343 1178 4390 u
