4260 5826
1240 619 1352 715 150

803 799 959 884 locavit
977 800 1123 882 eodem
1141 801 1217 883 illo
1239 831 1350 886 anno
1368 801 1400 883 F
1403 806 1590 886 rancisco
1608 806 1660 888 de
1679 806 1795 890 Bros-

802 976 903 1029 sano
931 947 1264 1048 Mediolanensi,
1288 982 1470 1061 quocum
1497 960 1725 1039 castissime
1750 981 1793 1042 et

801 1100 1141 1184 coniunctissime
1167 1103 1298 1196 vixit,
1332 1123 1374 1182 et
1405 1130 1542 1211 a-quo
1572 1103 1703 1186 filium
1727 1134 1792 1186 su·

801 1247 933 1354 acepit
959 1243 1099 1332 Ticini
1119 1251 1346 1330 tenerrima
1371 1250 1415 1334 iu
1438 1270 1578 1332 aetate
1599 1252 1689 1332 vita
1707 1253 1795 1360 pri*

798 1415 943 1476 vatum
961 1391 1027 1470 (1).
1054 1391 1247 1502 Vterque
1272 1423 1422 1505 magna
1446 1395 1597 1477 solatia
1624 1396 1796 1478 Petrar-

798 1539 901 1624 chae
922 1542 1231 1650 praebuerunt,
1251 1571 1346 1624 curn
1371 1545 1579 1625 incorum
1603 1572 1792 1626 sermone

798 1691 1097 1797 suavitateque
1131 1717 1272 1774 omues
1305 1719 1428 1772 curas
1463 1711 1592 1799 atque
1626 1691 1792 1772 dolores

797 1837 1009 1946 deponere
1039 1835 1211 1919 soleret.
1243 1833 1355 1918 Dum
1381 1866 1481 1918 vero
1510 1839 1793 1948 conquirebat

796 2010 882 2092 qua
903 1987 1068 2066 ratione
1094 1985 1179 2064 suis
1202 1986 1402 2092 omnique
1425 1989 1669 2094 posteritati
1696 2015 1792 2069 con·

795 2131 932 2214 tulere
959 2151 1121 2242 posset,
1153 2132 1374 2215 consilium
1399 2133 1572 2242 plenum
1600 2133 1793 2240 pruden-

794 2283 881 2362 tiae
901 2281 1022 2362 illum
1042 2284 1199 2390 cepisse
1217 2282 1392 2378 dixeris,
1414 2280 1532 2389 quod
1556 2281 1608 2360 de
1635 2281 1792 2361 biblio·

795 2431 919 2514 theca
932 2459 1005 2512 sua
1019 2429 1249 2514 multorum
1267 2457 1364 2511 sanc
1384 2455 1649 2514 nummorum
1660 2425 1793 2509 Vene-

794 2599 864 2662 tae
877 2576 1157 2686 Reipublicae
1170 2577 1386 2672 donanda,
1406 2574 1670 2686 publicoque
1687 2601 1792 2656 com·

851 2880 897 2957 (1)
915 2879 1065 2956 Nonsut't
1076 2880 1133 2940 hoc
1144 2883 1215 2938 stne
1230 2883 1374 2943 marimo
1389 2879 1497 2940 dolore
1509 2875 1705 2940 Petrurcltec
1714 2913 1725 2948 ,
1737 2877 1792 2954 qui

792 2985 925 3062 pueruli
942 2983 1098 3040 tumulum
1115 2983 1164 3040 lu's
1181 2981 1320 3042 versibus
1337 2983 1485 3040 ornauit.

854 3107 916 3164 Vix
933 3105 1048 3163 mundi
1063 3125 1166 3166 novus
1183 3105 1298 3184 hospes
1313 3125 1422 3174 eram,
1438 3105 1592 3183 vitaeque
1608 3102 1752 3162 volantis
1868 3144 1873 3154 .

916 3209 1096 3285 Attigeram
1116 3219 1229 3266 tenero
1245 3207 1361 3266 limina
1377 3207 1460 3266 dura
1474 3205 1575 3285 pede.

853 3311 1040 3370 Franciscus
1055 3309 1203 3388 genitor,
1218 3310 1365 3388 genetrix
1382 3310 1572 3376 Francieca3
1588 3319 1716 3366 secutus

916 3419 978 3472 Hos
993 3413 1033 3470 de
1049 3413 1139 3470 sonte
1154 3430 1245 3471 sacro
1261 3431 1379 3471 nomen
1396 3412 1480 3470 idem,
1498 3413 1606 3469 tenui.

850 3516 963 3575 Infans
982 3513 1158 3583 formosus,
1175 3513 1319 3572 solamen
1336 3512 1430 3572 dulce
1447 3525 1642 3590 parentum,

911 3621 1003 3676 Nunc
1019 3615 1129 3674 dolor·
1147 3621 1210 3676 lloc
1229 3635 1293 3674 uno
1309 3637 1377 3676 sors
1394 3637 1466 3676 mea
1482 3616 1569 3674 laeta
1585 3617 1707 3674 miuus.

850 3725 965 3778 Cetera
980 3741 1050 3782 sum
1067 3720 1168 3790 felix,
1184 3734 1217 3778 et
1232 3741 1330 3780 verae
1346 3719 1463 3798 gaudia
1485 3721 1573 3780 vitae

914 3825 1035 3882 Nactus
1050 3837 1083 3881 et
1099 3835 1251 3882 aeternae
1266 3835 1334 3881 tam
1351 3825 1436 3892 cito,
1452 3833 1520 3882 tum
1537 3819 1650 3881 facile.

852 3923 988 3994 Scibis,
1004 3924 1083 3984 luna
1098 3937 1215 4004 quater
1231 3927 1350 3986 flexum
1365 3937 1600 4004 peragraverat
1616 3921 1749 3992 orbem,

912 4028 1017 4090 Obvia
1038 4047 1140 4100 mors,
1157 4029 1271 4100 fallor,
1287 4029 1387 4091 obvia
1406 4031 1476 4090 vita
1498 4029 1578 4090 fuit.

853 4136 902 4192 Me
917 4132 1080 4193 Venetiam
1098 4135 1194 4193 terris
1209 4134 1300 4192 dedit
1315 4133 1411 4202 urbs,
1427 4135 1602 4214 rapuitque
1617 4132 1736 4208 Papia,

912 4241 976 4294 Nec
995 4255 1135 4314 quercu
1149 4237 1226 4298 hinc
1241 4235 1330 4295 caelo
1344 4235 1564 4295 restituendus
1578 4254 1684 4294 eram.
