4184 5806
1241 645 1280 735 4

753 812 920 924 legatus
954 815 1037 897 fuit
1074 818 1128 898 ad
1166 814 1437 901 Cardinalem
1480 823 1758 931 Pratensem‚

757 987 882 1067 quem
907 959 1118 1094 Romanus
1147 964 1342 1048 Pontifex
1375 966 1408 1046 F
1411 922 1634 1054 lorentiani
1657 981 1757 1060 mit-

757 1109 900 1204 tebat,
919 1133 968 1191 ut
987 1113 1175 1208 videret,
1203 1116 1236 1192 si
1259 1141 1345 1222 quo
1363 1119 1485 1197 modo
1505 1149 1569 1198 res
1589 1125 1643 1203 ad
1663 1153 1759 1207 con-¹
1839 1139 1840 1142 ’

754 1258 941 1336 cordiam
968 1260 1122 1340 deduci
1146 1261 1334 1372 possent.
1372 1265 1512 1364 Idem,
1538 1295 1624 1377 quo
1649 1273 1756 1353 solu·

756 1407 840 1484 tius
870 1415 1058 1505 viveret,
1091 1413 1311 1524 coniugem
1348 1443 1442 1494 oum
1468 1417 1613 1504 liberis
1642 1413 1757 1529 (tres

754 1555 889 1650 enim,
908 1556 1008 1634 dum
1033 1560 1078 1638 in
1105 1559 1234 1640 exilio
1258 1561 1366 1657 fuit,
1387 1567 1570 1673 suscepit
1595 1594 1755 1647 mascu-

751 1699 830 1779 lini
866 1701 1032 1814 gener'is
1055 1699 1124 1800 (Ι),
1160 1732 1340 1814 quorum
1364 1713 1496 1788 maior
1520 1731 1626 1791 natu
1660 1733 1751 1794 erat

751 1843 1021 1948 Franeieeus,
1047 1857 1217 1934 unicam
1242 1837 1461 1952 feminini‚-
1480 1885 1607 1964 quam
1633 1857 1752 1938 Ioan-

750 1996 794 2072 ni
820 1994 914 2074 Iani
938 1996 981 2080 F.
1005 1997 1058 2077 de
1084 1997 1368 2082 Summefonte
1390 2003 1575 2112 nuptum
1600 2001 1750 2116 dedit)

750 2144 795 2221 in
818 2141 976 2253 oppido
1002 2140 1164 2225 Incisae
1188 2146 1386 2228 habitare
1408 2151 1527 2232 iussit
1540 2148 1665 2246 (²)‚ut
1684 2181 1752 2234 ve·

656 2363 691 2373 ..
749 2321 794 2372 ro
813 2296 864 2371 iis
885 2293 1130 2373 adiumenta
1153 2317 1326 2404 pararet
1347 2297 1401 2376 ad
1423 2299 1554 2380 vitam
1575 2299 1644 2380 vel
1662 2327 1751 2380 mo-

748 2441 842 2522 dice
864 2435 1182 2524 sustentandam
1201 2441 1323 2556 (nam
1338 2444 1533 2556 *quaesito
1553 2445 1618 2525 illi
1638 2475 1744 2557 opus
1811 2513 1814 2522 ,

747 2585 866 2702 erat)
885 2595 1072 2702 experiri
1090 2585 1227 2674 voluit
1250 2621 1351 2676 num
1369 2596 1425 2686 ¹iu
1451 2595 1747 2674 remotioribus

746 2742 868 2818 terris
900 2733 1208 2851 prosperiorem
1241 2745 1472 2824 invenisset
1509 2741 1741 2821 fortunam.

745 2882 847 2965 Erat
871 2886 1063 2997 profecto
1090 2886 1257 2970 Patavii
1288 2918 1352 2969 an.
1374 2914 1565 2984 necem
1593 2891 1742 2967 seimus

747 3061 918 3141 quoque
937 3038 1074 3144 ipsum
1092 3035 1304 3117 habitasse
1324 3038 1427 3116 Pisis
1445 3066 1540 3118 cum
1564 3039 1742 3146 coniuge

746 3204 788 3260 et
813 3179 1036 3261 Francisco
1062 3182 1148 3261 filio
1175 3213 1225 3263 eo
1243 3163 1456 3294 tempore,
1475 3203 1568 3291 quo¹
1586 3187 1631 3260 in
1658 3179 1743 3262 Ita-

744 3327 844 3405 liam
864 3328 1044 3410 advenit
1058 3325 1269 3411 Henricus
1287 3329 1371 3410 VII
1396 3327 1578 3424 Caesar,
1600 3323 1739 3436 quiin

744 3473 887 3559 multis
906 3504 1020 3586 spem
1040 3480 1244 3559 excitavit
1262 3479 1374 3571 fore,
1392 3499 1440 3556 ut
1457 3505 1533 3586 per
1553 3505 1647 3553 eum
1667 3497 1740 3554 aut

743 3708 1514 3746 omemfffemmu
1519 3712 1538 3729 θ
1542 3712 1641 3731 0000
1646 3711 1741 3732 005⁴

803 3811 848 3886 (r)
873 3811 958 3871 Duos
983 3815 1065 3871 mihi
1089 3814 1206 3872 fratres
1223 3815 1370 3890 genetrix
1388 3833 1458 3870 mea
1475 3807 1645 3890 pepererat
1662 3855 1669 3869 .
1686 3855 1693 3869 .
1710 3792 1740 3867 .ss

744 3914 888 3988 primum
905 3935 990 3974 mors
1006 3919 1165 3976 infantem
1184 3917 1281 3976 tulit*
1300 3920 1419 3976 Famil.
1433 3917 1490 3975 tib.
1502 3935 1550 3976 tx·
1566 3933 1615 3993 ep.
1633 3935 1660 3972 2.

805 4035 849 4114 (a)
878 4041 1020 4102 Primum
1041 4040 1136 4102 illum
1162 4041 1251 4102 vitae
1278 4061 1423 4112 annum,
1449 4059 1554 4120 neque
1573 4042 1737 4118 integrum

744 4141 847 4200 Aretii
868 4143 938 4222 egi*⁹
962 4158 1150 4221 sequentem
1172 4146 1309 4204 Ancisae
1330 4157 1468 4224 paterno
1489 4145 1525 4201 in
1545 4164 1621 4204 rure
1642 4161 1738 4218 supra

745 4241 942 4303 Florentiam
960 4233 1017 4305 xiv
1034 4255 1188 4325 passuum
1202 4245 1365 4307 millibus.
1383 4251 1488 4330 Epist.
1505 4245 1550 4306 ad
1562 4249 1711 4324 postertt.
1729 4241 1735 4263 ¹
