4254 5824
810 655 884 749 17

350 847 547 960 gravibus
572 861 832 950 temperata,
858 839 1065 934 efficiant,
1090 837 1345 933 concinnae,

353 1015 554 1076 venustae
575 1011 809 1096 acutaeque
830 989 1083 1083 sententiae,
1108 985 1271 1080 nitida,
1290 1007 1350 1065 te-

354 1169 477 1235 nera,
494 1159 676 1234 morata,
690 1135 940 1216 collustrata
954 1136 1089 1214 oratio
1109 1151 1257 1242 sponte
1276 1159 1350 1212 sua

353 1287 482 1368 ll'nere
499 1287 693 1382 uidetur,
714 1287 866 1380 verba,
885 1311 994 1392 quae
1016 1282 1205 1362 referunt
1226 1282 1272 1360 in
1291 1307 1353 1358 cas

355 1434 494 1514 dendo
519 1462 684 1530 sonum,
709 1455 752 1513 et
778 1460 887 1540 quae
915 1431 1118 1512 similiter
1134 1429 1352 1522 desinunt,

355 1585 526 1662 minime
551 1583 611 1662 de·
630 1581 840 1662 industria
864 1582 1060 1690 quaesita
1084 1579 1263 1672 dixeris,
1289 1602 1355 1655 co-

354 1707 449 1840 pia,
475 1732 657 1812 varietas
686 1757 818 1840 prope
839 1729 1110 1811 'incredibilis
1135 1731 1180 1807 in
1204 1755 1354 1806 nume-2

357 1905 446 1958 rose
472 1879 747 1987 exprimenda
770 1906 856 1958 una
881 1874 1104 1958 affectione
1132 1877 1282 1971 animi,
1305 1895 1355 1956 ut

356 2026 409 2104 n'e
439 2022 596 2106 ¹Graeci
630 2027 826 2136 quidem,
857 2025 999 2104 iudice
1030 2022 1189 2104 Ioanne
1226 2020 1354 2120 Casa,-

359 2173 412 2252 de
438 2201 578 2254 amore
610 2176 759 2256 melius
791 2176 999 2254 dixerint.
1028 2171 1198 2270 Prorsus
1222 2173 1268 2250 in
1292 2170 1359 2250 la-

358 2320 446 2399 bris
466 2321 717 2402 Petrarchae
739 2320 933 2402 Charites
952 2323 1067 2430 ipsae
1087 2321 1253 2428 ipsique
1274 2315 1357 2396 Cu·

361 2467 527 2574 pidines
559 2472 765 2550 sessitasse
791 2471 1014 2574 videntur.
1048 2467 1199 2575 Itaque
1232 2466 1355 2545 nobis

360 2616 558 2694 monendi
584 2637 680 2696 sunt
705 2618 764 2712 ii,
789 2619 864 2724 qui
896 2639 1059 2696 etrusce
1086 2615 1236 2696 volunt
1261 2614 1356 2690 scri·

358 2761 481 2858 bere,
516 2783 565 2844 ut
598 2765 805 2844 mirentur
838 2764 953 2843 hunc
987 2792 1118 2864 unum
1153 2762 1356 2854 maxime,

361 2929 403 2988 et
439 2931 642 3018 tanquam
678 2915 827 3020 optimi
866 2911 1081 3022 exemplar
1114 2911 1359 3002 imitentur,

362 3056 536 3162 eiusque
574 3060 731 3166 poesim
764 3087 850 3138 non
888 3080 974 3138 tam
1009 3060 1139 3167 ipsius
1174 3056 1359 3150 viribus,

360 3227 487 3308 quam
514 3205 812 3287 imbecillitate
837 3233 998 3314 eorum,
1017 3207 1093 3312 qui
1115 3203 1276 3316 Lyriea
1295 3233 1360 3284 an·

362 3367 404 3426 te
430 3377 525 3428 eum
550 3371 814 3448 tractarunt,
841 3381 888 3433 ac
913 3353 1163 3462 praesertim
1190 3351 1360 3432 Provin·
1455 3355 1457 3361 ’

363 3495 453 3573 ciac
476 3519 720 3605 poetarum,
747 3503 822 3606 qui
847 3521 938 3580 tum
961 3502 1139 3579 maxime
1165 3501 1209 3577 in
1234 3497 1361 3576 hono·

361 3667 408 3716 re
425 3665 564 3738 erant,
584 3647 829 3726 metiantur.
852 3645 1044 3726 Italicam
1054 3647 1212 3755 poesim
1232 3671 1360 3724 creas-

363 3811 406 3861 se
428 3784 531 3866 liect
556 3791 753 3872 videatur
783 3791 974 3890 Dantes,·
997 3795 1168 3904 grandis
1197 3793 1360 3886 verbis,

363 3931 528 4038 sapiens
554 3941 795 4034 sententiis,
817 3969 971 4051 genere
990 3963 1079 4022 toto
1098 3943 1259 4052 gravis,
1285 3940 1360 4018 mi-

364 4076 562 4159 rabiliter
589 4101 712 4190 aptus
738 4085 790 4164 ad
816 4115 880 4165 res
898 4115 1068 4199 magnas
1088 4115 1245 4166 summa
1266 4111 1359 4166 cum

363 4221 575 4307 brevitate
612 4232 929 4336 exprimendas,
965 4233 1265 4316 ac'tantarum
1299 4233 1360 4310 vi-

1164 4340 1178 4386 a
