4260 5826
1202 628 1318 728 174
1405 563 1408 568 ⁸

762 811 892 892 tidem
923 811 1241 922 opprimebatur
1280 813 1411 910 ade0,
1441 834 1488 895 ut
1519 817 1612 908 vita
1643 843 1757 896 care-

759 989 803 1039 re
829 960 1098 1044 crederetur.
1136 960 1346 1042 Postremo
1376 964 1515 1073 capite
1551 963 1671 1044 libris
1696 967 1758 1044 in-

760 1113 860 1190 nixo
886 1131 1073 1192 mortuus
1093 1114 1293 1222 inventus
1318 1135 1402 1210 est,
1422 1112 1490 1195 vel
1510 1135 1557 1194 ut
1581 1105 1654 1192 alii
1674 1135 1756 1194 tra*

759 1259 892 1370 dunt,
918 1258 1062 1341 subita
1085 1263 1129 1342 vi
1155 1260 1226 1343 ‘vel
1251 1259 1501 1372 apoplexiae
1531 1261 1599 1342 vel
1624 1260 1756 1370 epile-

758 1411 875 1518 psiae
901 1410 1037 1488 morbi
1063 1431 1280 1520 correptus
1304 1413 1418 1492 inter
1442 1409 1618 1490 brachia
1637 1409 1756 1490 Lom-

758 1553 882 1634 bardi
909 1583 934 1635 a
959 1554 1058 1638 Seta
1090 1535 1304 1666 expiravit
1328 1553 1390 1636 (¹).
1426 1556 1594 1642 Accidit
1620 1557 1665 1637 id
1692 1584 1754 1638 xv

665 1811 667 1816 ,
756 1699 852 1782 Kal.
879 1699 1049 1785 Sextilis
1076 1733 1445 1804 an.rtooorxx1v‚
1471 1727 1513 1788 et
1541 1735 1661 1788 nemo
1686 1733 1755 1786 sa-

757 1882 811 1934 ne
831 1855 1001 1950 extitit,
1020 1857 1095 1964 qui
1120 1858 1165 1936 in
1190 1877 1324 1939 morte
1350 1877 1436 1937 tam
1460 1858 1610 1936 misera
1628 1876 1670 1936 et
1692 1883 1754 1933 ca·

757 2000 950 2085 lamitosa
969 2004 1127 2086 litteris
1147 2028 1275 2114 atque
1295 2004 1448 2088 Italiae
1469 2005 1676 2118 lacrymas
1699 2022 1758 2083 te·

755 2201 1047 2227 temo-mu
1051 2205 1758 2228 ΜΜΜΝΜΝ

812 2291 857 2370 (ι)
873 2293 1049 2376 Philippus
1064 2299 1230 2356 Villanirts
1246 2312 1277 2356 et
1294 2300 1464 2358 Ianoctitts
1479 2301 1648 2356 Monettus
1664 2294 1699 2353 id
1715 2308 1758 2352 te·

759 2408 906 2470 stanter,
921 2416 1053 2477 quorum
1077 2403 1260 2458 sententiae
1283 2413 1462 2459 consonant
1483 2415 1566 2476 quae
1582 2410 1759 2456 narrentur

757 2503 853 2557 veteri
872 2501 1032 2560 incedite
1055 2505 1237 2560 caminam
1254 2505 1413 2561 Italorum
1430 2499 1647 2568 Petrorchoe,
1664 2511 1760 2573 qrtoe-

756 2618 815 2678 qtte
837 2619 938 2662 manu
962 2607 1068 2684 ipsius
1084 2607 1259 2666 Lombordi
1276 2593 1419 2667 exorato
1437 2605 1545 2684 fuisse
1569 2606 1759 2682 suspicatur

755 2705 959 2764 Boldellius.
977 2713 1059 2766 Sunt
1074 2685 1184 2767 aulem
1208 2709 1310 2768 hoec:
1331 2707 1505 2768 Millesimo
1528 2705 1759 2766 trecentesimo

757 2810 996 2887 septuagesimo
1011 2822 1149 2888 quarto,
1166 2811 1217 2870 die
1233 2811 1368 2880 martis,
1384 2810 1509 2868 decimo
1525 2821 1643 2869 octavo
1658 2805 1757 2876 iulii,

757 2905 839 2968 hora
854 2911 971 2988 quinta
993 2913 1117 2984 noctis,
1133 2914 1305 2992 Arquadae
1326 2915 1413 2972 inter
1429 2925 1556 2972 montes
1571 2917 1759 2989 Euganeos,

757 3009 836 3071 duos
849 3011 915 3072 dies
925 3027 957 3074 et
973 3017 1248 3094 septuagesimum
1260 3037 1383 3076 annum
1395 3017 1576 3094 attingens,
1589 3013 1673 3072 obiit
1682 3011 1763 3070 eele-

757 3111 918 3176 berrimus
934 3130 967 3176 et
980 3120 1138 3196 temporis
1152 3120 1202 3180 sui
1217 3121 1476 3199 sapientissimus
1492 3120 1639 3178 omnium
1651 3128 1759 3194 pater,
1816 3131 1818 3134 ·

756 3231 950 3296 praeceptor
974 3235 1007 3278 et
1032 3221 1183 3282 dominus
1207 3243 1316 3294 meus,
1337 3223 1487 3282 dominus
1502 3221 1688 3281 Franciscus
1703 3221 1762 3277 Pe-

756 3319 889 3378 trarcha
900 3353 914 3391 ‚·
924 3321 1039 3395 Vates,
1064 3326 1263 3396 Historiam,
1287 3325 1484 3404 Theologur‚
1500 3338 1532 3383 et
1554 3329 1672 3383 Orator
1686 3321 1755 3380 exi-

757 3423 861 3493 mius,
877 3426 935 3501 qui
949 3424 1033 3485 illud
1058 3447 1151 3486 suum
1170 3426 1360 3487 venerabile
1382 3440 1483 3506 caput
1505 3429 1539 3484 in
1555 3445 1681 3486 summa
1697 3429 1758 3483 Ro-

758 3527 848 3584 mani
863 3527 1018 3606 Capitolii
1041 3549 1115 3588 aree
1140 3532 1285 3590 maxima
1307 3551 1382 3590 cum
1407 3529 1512 3608 gloria
1528 3541 1561 3587 et
1581 3529 1683 3588 totius
1698 3531 1761 3585 Ro·
1805 3527 1812 3538 '

757 3631 847 3688 mani
862 3631 976 3710 populi
1000 3651 1158 3694 consensu
1176 3653 1321 3694 uoooxrr
1338 3635 1390 3692 die
1407 3653 1443 3692 rx
1458 3631 1579 3710 Aprilis
1601 3629 1661 3690 sub
1677 3647 1757 3686 exa-

757 3731 844 3790 mine
860 3733 1109 3811 singularissimi
1125 3749 1157 3794 et
1173 3735 1389 3796 illustrissimi
1405 3736 1470 3795 viri
1491 3733 1626 3794 Roberti
1638 3737 1758 3820 IerusaJ
1798 3716 1801 3722 ⁵

756 3831 821 3891 lem
839 3848 872 3892 et
888 3837 1015 3898 Siciliae
1028 3842 1120 3917 Regis
1136 3852 1244 3898 aetate
1259 3860 1317 3899 sua
1332 3839 1525 3918 peritissimi
1540 3838 1703 3903 omnium,
1719 3853 1756 3890 ac
1826 3856 1832 3867 ¹

758 3937 849 3994 omni
868 3939 1188 4012 scientissimorum,
1204 3932 1323 4000 merito
1337 3941 1544 4009 laureatum,
1560 3955 1659 4015 supra
1681 3954 1752 3994 mea

757 4039 892 4118 indigna
916 4055 1049 4120 pectora
1072 4057 1206 4112 tenens,
1222 4043 1314 4104 illam
1337 4063 1428 4103 suam
1453 4042 1674 4102 beatissimam
1692 4039 1763 4095 ani·

760 4161 847 4201 mam
863 4145 898 4201 in
914 4163 948 4204 os
964 4166 1072 4205 meum
1083 4145 1202 4206 ultimo
1217 4147 1340 4208 efflavit
1356 4147 1524 4216 anhelitu,
1541 4143 1624 4203 mihi
1639 4159 1755 4200 memo·

757 4245 862 4304 rabile
884 4257 917 4307 et
934 4260 1105 4308 aeternum
1121 4248 1227 4310 flebile
1243 4269 1377 4312 munus.
