4254 5824
1232 611 1307 714 28

774 808 992 904 omnibus,
1011 809 1204 914 quamvis
1222 812 1403 919 optimos
1424 807 1601 893 Latinos
1620 839 1769 926 poetas

773 960 933 1038 imitari
956 956 1038 1036 sibi
1058 964 1352 1068 proposuerit,
1371 960 1426 1039 ab
1446 961 1497 1040 iis
1516 983 1657 1044 tamen
1677 967 1770 1077 plu-

666 1121 669 1128 ’
770 1107 923 1187 rimnm
941 1105 1119 1201 distitit,
1141 1127 1189 1186 ut
1208 1103 1440 1186 dolendum
1462 1108 1515 1188 sit
1537 1111 1674 1217 ipsum
1696 1112 1768 1192 de-

771 1257 884 1334 siisse
908 1253 1056 1332 'colere
1090 1249 1262 1332 Italicas
1287 1281 1445 1349 musas,
1475 1275 1698 1364 totumque
1723 1285 1765 1338 se

770 1402 824 1482 ad
848 1401 1024 1484 Latinas
1048 1400 1333 1482 transtulisse.
1361 1389 1516 1482 Facilis
1535 1425 1578 1484 et
1598 1405 1768 1513 expedi·

767 1571 837 1630 tus
863 1551 1026 1658 ubique
1053 1571 1251 1659 apparet,
1277 1547 1494 1630 interdum
1519 1553 1649 1630 etiam
1673 1551 1765 1632 ele·-

766 1725 893 1808 gans,
918 1716 968 1776 ut
992 1700 1114 1805 quasi
1140 1718 1269 1778 cantu
1296 1695 1468 1809 Virgilii
1502 1701 1593 1778 eius
1619 1703 1757 1780 oratio

768 1845 946 1925 colorari
973 1845 1191 1942 videatur,
1211 1846 1333 1926 modo
1361 1845 1650 1954 eloquentiam
1670 1875 1765 1924 curn

767 1993 1000 2103 prudentia
1027 1995 1170 2104 iungit
1186 1987 1257 2089 (¹),
1285 2022 1371 2073 non
1404 1992 1591 2074 delectat
1619 2017 1762 2074 tumen

765 2138 846 2218 hoc
868 2141 982 2248 ipso,
999 2140 1118 2247 quod
1143 2143 1257 2220 inter
1282 2168 1323 2220 se
1352 2168 1491 2220 omnes
1510 2162 1651 2250 partes
1669 2143 1760 2223 eius

769 2283 1012 2397 poematum
1044 2315 1139 2366 cum
1177 2286 1363 2393 quodam
1405 2286 1550 2397 lepore
1592 2290 1762 2367 minime

766 2435 1059 2527 consentiant,
1089 2447 1131 2512 et
1166 2435 1357 2514 invenias
1392 2435 1552 2528 multa,
1577 2462 1690 2540 quae
1716 2437 1761 2514 in

765 2585 817 2661 iis
835 2582 960 2662 facile
980 2579 1286 2689 reprehendas,
1304 2579 1441 2662 nihilo
1462 2602 1602 2660 tamen
1621 2583 1759 2660 minus

764 2755 961 2839 magnum
984 2729 1021 2806 is
1039 2725 1230 2808 attulisse
1255 2724 1411 2807 litteris
1430 2725 1683 2831 beneficium
1702 2729 1760 2808 vi-

763 2979 1761 3007 Oummmmmmofluu

824 3112 869 3190 (1)
882 3109 965 3167 Huic
981 3107 1027 3164 rei
1042 3109 1180 3186 exemplo
1197 3129 1261 3166 esse
1270 3111 1391 3188 poterit
1402 3110 1471 3167 eius
1481 3109 1603 3188 Latina
1621 3105 1752 3183 epistola

764 3213 805 3270 od
816 3215 954 3270 Aeneam
967 3211 1174 3268 Ptolemeium
1191 3216 1357 3270 Senensem
1375 3234 1390 3269 e
1406 3213 1693 3270 Dominicartorum
1703 3209 1756 3286 fo·

762 3316 871 3384 milio,
881 3333 945 3394 qua
960 3313 1003 3370 ud
1019 3313 1126 3371 uisum
1135 3313 1248 3392 pinxit
1263 3315 1479 3372 miserandum
1487 3312 1606 3371 Italiae
1620 3325 1754 3376 statum,

763 3417 890 3498 quando
904 3437 972 3476 eom
984 3417 1165 3476 universam
1176 3419 1340 3496 petierunt
1355 3424 1491 3476 Ioannes
1503 3415 1757 3493 Luxemburgen-

762 3521 807 3579 sis
824 3521 989 3580 Belemiue
1006 3525 1071 3578 Rex
1087 3535 1116 3578 et
1128 3523 1215 3580 Galli
1232 3523 1319 3580 inter
1331 3545 1363 3580 se
1372 3521 1550 3602 foederati,
1567 3534 1605 3575 ut
1620 3516 1684 3595 ipsi
1696 3535 1756 3572 ser-

765 3625 824 3684 vile
845 3625 960 3704 iupum
975 3624 1189 3703 imponerent.
1205 3629 1383 3704 Nunquam
1402 3644 1469 3682 uon
1489 3625 1542 3682 illi
1558 3621 1689 3680 unimus
1704 3638 1755 3678 ur·

763 3727 853 3788 debat
869 3742 897 3783 et
917 3747 971 3784 eor
991 3726 1218 3784 cumulabatur
1237 3727 1306 3796 ira,
1327 3727 1456 3806 quando
1477 3723 1633 3804 cogitabat
1654 3720 1752 3779 Italos

761 3849 834 3886 suos
851 3827 1052 3908 degenerasse
1068 3829 1146 3888 adeo
1161 3851 1181 3886 o
1196 3829 1356 3888 maiorum
1371 3829 1492 3887 uirtute
1499 3815 1520 3897 ,⁵
1531 3815 1636 3886 utens
1651 3824 1753 3882 notio·

679 3993 684 4004 ,
762 3951 817 3990 nee
833 3933 995 4001 timerent,
1011 3951 1048 3990 eu
1065 3932 1179 4010 quibus
1201 3946 1247 3990 tot
1261 3933 1421 4014 plotium
1436 3926 1589 3990 victorius
1605 3943 1753 3986 cometu-

762 4035 789 4093 ti
802 4035 954 4114 suerunt.
973 4036 1093 4116 ,Evenit
1118 4051 1224 4095 tumen
1246 4037 1328 4115 quod
1349 4036 1406 4094 ille
1426 4034 1561 4092 minime
1587 4029 1749 4110 sperabat,

762 4156 832 4193 cum
848 4137 927 4194 victi
937 4137 1082 4215 fuissem
1100 4137 1187 4195 Galli
1203 4154 1232 4196 et
1249 4139 1423 4208 Germani,
1439 4135 1625 4216 expulsique
1638 4131 1749 4197 Italia,

761 4241 874 4298 multis
892 4257 1023 4298 suorum
1042 4240 1187 4299 omissis.
