4260 5826
1225 617 1338 708 roa

786 833 930 925 gatur,
945 812 999 890 ab
1017 811 1208 908 homine,
1228 815 1349 892 cuius
1371 816 1622 922 sapientiam
1641 847 1782 904 omnes

785 961 1130 1056 admirabantur,
1149 983 1191 1042 et
1215 989 1343 1068 aquo
1362 983 1528 1043 ceterae
1556 987 1695 1074 partes
1715 999 1783 1050 ae-
1898 955 1901 962 ¹

783 1112 885 1190 tatis
915 1109 1024 1190 bene
1055 1108 1293 1219 descriptae
1330 1111 1521 1207 fuerant,
1548 1133 1781 1196 extremum

784 1279 948 1353 actum,
973 1280 1177 1366 tanquam
1202 1259 1255 1337 ab
1284 1258 1412 1338 inerti
1437 1281 1583 1368 poeta,
1609 1263 1781 1344 minime

782 1405 1023 1517 neglectum
1047 1385 1192 1485 fuisse.
1219 1403 1282 1483 Ex
1306 1431 1392 1514 quo
1416 1427 1591 1488 mortem
1615 1411 1781 1494 obierat

780 1551 910 1632 Azzus
932 1551 1209 1664 Corrigiensis
1235 1546 1414 1666 (obiisse
1443 1576 1585 1637 autem
1607 1558 1781 1641 videtur

781 1728 891 1782 anno
910 1695 1209 1812 ncccnxvrr),
1228 1729 1412 1810 quocum
1433 1705 1576 1784 omnia
1593 1733 1779 1788 commu-

780 1851 854 1928 nia
888 1847 1100 1944 habebat,
1136 1875 1348 1958 quemque
1388 1849 1599 1931 habuerat
1630 1854 1699 1934 vel
1733 1856 1778 1934 in

778 2025 983 2108 prospera
1010 1998 1183 2080 fortuna
1210 1999 1444 2080 multorum
1478 2003 1682 2082 itinerum
1711 2027 1780 2080 co·

756 2148 941 2264 mitem,
954 2144 1098 2226 locum
1111 2149 1272 2254 quietis
1284 2167 1326 2227 et
1346 2147 1675 2256 tranquillitatis
1694 2148 1778 2258 ple·

780 2295 997 2375 nissimum
1023 2294 1104 2374 sibi
1129 2295 1218 2374 fore
1249 2298 1435 2404 speravit
1461 2295 1686 2378 Patavium
1711 2325 1781 2377 ur-

755 2441 899 2536 bem,
924 2444 1082 2550 inqua
1108 2445 1166 2521 sic
1192 2441 1483 2523 honorabatur
1510 2442 1564 2520 ab
1594 2445 1686 2522 eius
1708 2445 1780 2524 do-

776 2591 889 2672 mino
918 2587 1143 2670 Franciseo
1176 2591 1461 2686 Carrariensi,
1490 2612 1540 2670 ut
1571 2591 1779 2670 maioraa

777 2758 957 2852 parente
983 2760 1208 2848 expectare
1233 2741 1405 2818 minime
1428 2740 1639 2848 potuerit.
1665 2735 1778 2837 Quia

776 2911 878 2964 vero
902 2885 1102 2964 eximium
1128 2914 1177 2966 ac
1201 2884 1413 2997 singulare
1440 2911 1562 2964 suum
1589 2883 1777 2964 studium

777 3034 987 3142 professus
1017 3063 1066 3113 ao
1094 3033 1314 3143 pollicitus
1347 3053 1439 3114 erat
1473 3027 1673 3112 Galeatio
1697 3027 1777 3109 Vi·-

778 3185 999 3277 cecomiti,
1033 3181 1148 3262 hunc
1185 3203 1343 3264 aestate
1373 3181 1514 3262 Ticini
1550 3183 1776 3261 convenire

777 3327 957 3424 solebat,
976 3332 1102 3437 eique
1122 3331 1298 3410 consilia
1313 3329 1463 3427 dabat,
1476 3359 1587 3439 quae
1610 3355 1696 3409 non
1715 3355 1774 3407 so·

776 3473 863 3554 lum
889 3480 1255 3560 aestimationibus
1275 3508 1324 3560 ac
1343 3478 1515 3560 iudiciis
1534 3477 1773 3571 hominum,

777 3627 853 3730 qui
873 3644 974 3704 tunc
995 3649 1140 3722 erant,
1161 3626 1233 3706 sed
1251 3629 1303 3706 iis
1321 3629 1450 3707 etiam
1467 3627 1543 3732 qui
1565 3643 1685 3703 erant
1711 3623 1776 3702 fu·

777 3773 890 3864 turi,
927 3774 1252 3883 responderent.
1280 3773 1421 3874 Quare
1460 3777 1536 3882 qui
1572 3772 1624 3851 de
1658 3766 1774 3849 illius

777 3919 1007 4028 praeclaris
1026 3922 1226 4002 laudibus
1245 3916 1310 4036 (et
1329 3923 1413 4005 fuit
1432 3922 1506 4002 ille
1525 3919 1698 4031 quidem
1717 3921 1776 3996 in·

778 4068 943 4163 stitiae,
969 4069 1184 4180 religionis
1211 4091 1252 4149 et
1279 4069 1518 4152 litterarum
1542 4086 1771 4178 patronus,

778 4235 937 4310 eustos,
948 4236 992 4297 et
1010 4239 1269 4330 propagator
1282 4211 1480 4328 eximius)
1500 4217 1773 4326 scripserunt,
