4254 5824
1214 570 1280 642 JO

1202 857 1290 930 III.

825 1035 937 1118 Dum
961 1042 1007 1118 in
1031 1037 1188 1119 talibus
1213 1038 1362 1118 studiis
1387 1060 1617 1148 occupatus
1646 1069 1738 1122 sua·

745 1187 911 1268 vissima
929 1187 1221 1296 complebatur
1238 1186 1479 1296 voluptate,
1491 1190 1649 1270 nemini
1669 1189 1742 1270 du·

744 1335 862 1415 bium
882 1357 997 1431 erat,
1022 1337 1129 1444 quin
1155 1337 1317 1428 omnia,
1336 1362 1446 1442 quae
1465 1335 1620 1432 vellet,
1642 1367 1740 1418 con-

697 1586 699 1590 ·
744 1485 862 1590 sequi
888 1503 1041 1593 posset.
1068 1479 1217 1562 Nihilo
1243 1503 1384 1562 tamen
1409 1485 1547 1563 minus
1573 1487 1656 1565 suis
1678 1487 1739 1566 vi·

740 1632 858 1710 ribus
883 1630 1070 1710 diffidere
1104 1635 1265 1740 coepit,
1288 1652 1337 1711 'et
1367 1661 1452 1712 non
1484 1661 1601 1712 secus
1627 1663 1676 1713 ao
1702 1635 1736 1712 si

742 1808 855 1858 mare
881 1781 1088 1890 ingressus
1115 1808 1183 1874 eo,
1209 1807 1294 1886 quo
1322 1779 1550 1874 tendebat,
1575 1809 1617 1860 se
1643 1809 1740 1890 pos-·

742 1957 785 2006 se
820 1929 1042 2035 pervenire
1077 1927 1340 2035 desperaret,
1371 1927 1467 2009 vela
1503 1931 1738 2024 contraxit,

741 2103 873 2154 remos
898 2074 1106 2170 inhibuit,
1128 2103 1176 2154 ac
1198 2075 1392 2186 languori
1410 2075 1539 2156 ferme
1558 2103 1600 2156 se
1625 2076 1738 2156 dedi·

739 2228 824 2306 dit.
851 2219 1029 2303 Nullum
1054 2224 1227 2331 quidem
1251 2224 1575 2305 incitamentum
1601 2223 1655 2302 ad
1679 2223 1736 2302 la·-

739 2375 884 2453 borem
909 2394 951 2453 et
970 2371 1145 2482 gloriam
1171 2371 1294 2467 urbs,
1320 2374 1365 2450 in
1383 2396 1470 2478 qua
1486 2368 1734 2465 habitabat,

739 2520 1011 2630 suppeditare
1041 2516 1107 2596 illi
1139 2536 1322 2626 poterat.
1347 2513 1416 2595 Ibi
1443 2519 1555 2597 enim
1582 2517 1733 2599 avidae

738 2667 939 2748 libidines
974 2685 1129 2744 temere
1162 2683 1205 2744 et
1234 2662 1436 2744 effrenate
1470 2664 1525 2744 ad
1553 2664 1732 2744 honores

738 2907 1736 2938 ‘mmmmm-om

737 3057 812 3109 eus,
835 3060 920 3099 nuno
945 3041 1070 3099 Stoicus
1094 3059 1186 3108 sum,
1210 3039 1377 3098 interdum
1395 3039 1624 3107 Academicus,
1640 3057 1734 3116 saepe

737 3155 846 3200 autem
862 3141 946 3200 nihil
969 3142 1105 3212 horum,
1123 3142 1273 3218 quotiens
1288 3142 1463 3220 quiequam
1488 3143 1630 3199 occurrit
1645 3141 1733 3217 apud

736 3248 905 3325 eos‚quod
914 3265 1011 3307 verae
1027 3265 1063 3303 ae
1078 3244 1249 3304 beatificae
1264 3243 1340 3304 fidei
1349 3245 1523 3306 adversum
1533 3255 1731 3320 suspectum-

736 3370 799 3428 que
815 3350 911 3408 sit...
926 3349 974 3407 Sic
990 3348 1279 3427 philosophemur,
1289 3361 1327 3407 ut
1337 3348 1424 3426 quod
1439 3346 1667 3426 philosophiae
1683 3363 1737 3402 no-

737 3471 810 3510 men
835 3453 993 3528 importat
1017 3452 1214 3528 sapientiam
1237 3472 1399 3512 amemus.
1420 3455 1504 3510 Vera
1526 3449 1657 3526 quidem
1674 3449 1733 3506 Dei

735 3553 896 3631 sapientia
915 3552 1060 3611 Christus
1083 3566 1147 3611 est.
1173 3555 1216 3611 Vt
1233 3573 1308 3612 vere
1333 3551 1603 3631 philosophemur
1624 3551 1680 3610 ille
1695 3551 1730 3608 in

735 3655 850 3731 primis
861 3654 954 3712 nobis
969 3654 1127 3714 amandus
1135 3671 1169 3714 et
1187 3654 1339 3716 colendus
1350 3667 1414 3713 est.
1430 3655 1479 3712 Sic
1491 3656 1590 3712 simus
1606 3671 1735 3720 omnes,

737 3763 824 3840 quod
838 3775 914 3819 ante
929 3759 1039 3818 omnia
1049 3757 1228 3818 Christiani
1237 3760 1353 3817 simus.
1369 3760 1418 3816 Sic
1428 3754 1672 3834 philosophica,
1684 3756 1728 3823 sio

736 3866 882 3942 poetica,
893 3865 937 3922 sie
947 3863 1102 3923 historias
1116 3863 1260 3941 legamus
1270 3901 1280 3930 ‚
1290 3875 1328 3920 ut
1342 3879 1469 3938 semper
1479 3860 1520 3918 ad
1536 3877 1646 3918 aurem
1661 3877 1732 3915 cor-

739 3966 787 4023 dis
797 3965 1008 4043 Evangelium
1025 3965 1146 4026 Christi
1160 3979 1271 4036 sonet,
1281 3985 1345 4044 quo
1355 3985 1421 4024 uno
1436 3965 1514 4024 satis
1529 3963 1617 4021 docti
1632 3981 1668 4019 ac
1685 3959 1731 4028 fo·¹

735 4063 830 4137 lices,
846 4068 914 4126 sine
938 4087 1002 4145 quo
1024 4081 1148 4146 quanto
1169 4069 1267 4147 plura
1282 4069 1509 4138 didicerimus,
1526 4079 1618 4126 tanto
1633 4063 1728 4124 iudo-

734 4169 852 4228 ctiores
868 4181 967 4246 atque
983 4171 1166 4230 miseriores
1184 4170 1288 4230 futuri
1302 4191 1429 4232 sumus.
