<?xml version="1.0" encoding="UTF-8"?>
<!DOCTYPE html PUBLIC "-//W3C//DTD XHTML 1.0 Transitional//EN"
    "http://www.w3.org/TR/xhtml1/DTD/xhtml1-transitional.dtd">
<html xmlns="http://www.w3.org/1999/xhtml" xml:lang="en" lang="en">
 <head>
  <title>
</title>
<meta http-equiv="Content-Type" content="text/html;charset=utf-8" />
  <meta name='ocr-system' content='tesseract 3.04.00' />
  <meta name='ocr-capabilities' content='ocr_page ocr_carea ocr_par ocr_line ocrx_word'/>
</head>
<body>
  <div class='ocr_page' id='page_1' title='image "./franciscipetrar00fabrgoog_0046.png"; bbox 0 0 4184 5806; ppageno 0'>
   <div class='ocr_carea' id='block_1_1' title="bbox 295 665 1364 3024">
    <p class='ocr_par' dir='ltr' id='par_1_1' title="bbox 809 665 883 760">
     <span class='ocr_line' id='line_1_1' title="bbox 809 665 883 760; baseline 0 0"><span class='ocrx_word' id='word_1_1' title='bbox 809 665 883 760; x_wconf 78' lang='lat'><strong>29</strong></span> 
     </span>
    </p>

    <p class='ocr_par' dir='ltr' id='par_1_2' title="bbox 353 843 1342 1235">
     <span class='ocr_line' id='line_1_2' title="bbox 354 843 1342 954; baseline -0.007 -27"><span class='ocrx_word' id='word_1_2' title='bbox 354 848 502 943; x_wconf 89' lang='lat' dir='ltr'><strong>detur,</strong></span> <span class='ocrx_word' id='word_1_3' title='bbox 526 843 645 954; x_wconf 92' lang='lat' dir='ltr'><strong>quod</strong></span> <span class='ocrx_word' id='word_1_4' title='bbox 673 867 952 954; x_wconf 80' lang='lat' dir='ltr'><strong>posteaquam</strong></span> <span class='ocrx_word' id='word_1_5' title='bbox 977 869 1098 922; x_wconf 90' lang='lat' dir='ltr'><strong>suum</strong></span> <span class='ocrx_word' id='word_1_6' title='bbox 1121 869 1272 922; x_wconf 87' lang='lat' dir='ltr'><strong>nomen</strong></span> <span class='ocrx_word' id='word_1_7' title='bbox 1296 845 1342 920; x_wconf 90' lang='lat' dir='ltr'><strong>in</strong></span> 
     </span>
     <span class='ocr_line' id='line_1_3' title="bbox 353 991 1342 1104; baseline -0.008 -30"><span class='ocrx_word' id='word_1_8' title='bbox 353 994 507 1078; x_wconf 83' lang='lat' dir='ltr'><strong>Italica</strong></span> <span class='ocrx_word' id='word_1_9' title='bbox 531 996 647 1104; x_wconf 88' lang='lat' dir='ltr'><strong>poesi</strong></span> <span class='ocrx_word' id='word_1_10' title='bbox 672 995 730 1071; x_wconf 89' lang='lat' dir='ltr'><strong>sio</strong></span> <span class='ocrx_word' id='word_1_11' title='bbox 755 991 989 1086; x_wconf 81' lang='lat' dir='ltr'><strong>extulerat,</strong></span> <span class='ocrx_word' id='word_1_12' title='bbox 1013 1012 1062 1070; x_wconf 91' lang='lat' dir='ltr'><strong>ut</strong></span> <span class='ocrx_word' id='word_1_13' title='bbox 1088 1015 1228 1070; x_wconf 88' lang='lat' dir='ltr'><strong>omnes</strong></span> <span class='ocrx_word' id='word_1_14' title='bbox 1254 993 1342 1068; x_wconf 90' lang='lat' dir='ltr'><strong>sine</strong></span> 
     </span>
     <span class='ocr_line' id='line_1_4' title="bbox 353 1141 1145 1235; baseline -0.003 -13"><span class='ocrx_word' id='word_1_15' title='bbox 353 1143 519 1225; x_wconf 89' lang='lat' dir='ltr'><strong>invidia</strong></span> <span class='ocrx_word' id='word_1_16' title='bbox 545 1145 583 1221; x_wconf 89' lang='lat' dir='ltr'><strong>ei</strong></span> <span class='ocrx_word' id='word_1_17' title='bbox 608 1141 738 1222; x_wconf 82' lang='lat' dir='ltr'><strong>fasces</strong></span> <span class='ocrx_word' id='word_1_18' title='bbox 762 1141 1085 1235; x_wconf 81' lang='lat' dir='ltr'><strong>submitterent,</strong></span> <span class='ocrx_word' id='word_1_19' title='bbox 1141 1142 1145 1150; x_wconf 81' lang='grc'>’</span> 
     </span>
    </p>

    <p class='ocr_par' dir='ltr' id='par_1_3' title="bbox 295 1277 1364 3024">
     <span class='ocr_line' id='line_1_5' title="bbox 352 1277 1364 1400; baseline -0.011 -30"><span class='ocrx_word' id='word_1_20' title='bbox 352 1287 431 1370; x_wconf 85' lang='lat' dir='ltr'><strong>Nil</strong></span> <span class='ocrx_word' id='word_1_21' title='bbox 442 1277 638 1400; x_wconf 72' lang='lat' dir='ltr'><strong>oriturum</strong></span> <span class='ocrx_word' id='word_1_22' title='bbox 649 1287 776 1375; x_wconf 84' lang='lat' dir='ltr'><strong>elius,</strong></span> <span class='ocrx_word' id='word_1_23' title='bbox 789 1288 991 1368; x_wconf 71' lang='lat' dir='ltr'><strong>toilonum</strong></span> <span class='ocrx_word' id='word_1_24' title='bbox 1003 1288 1089 1367; x_wconf 85' lang='lat' dir='ltr'><strong>tole</strong></span> <span class='ocrx_word' id='word_1_25' title='bbox 1097 1285 1289 1395; x_wconf 81' lang='lat' dir='ltr'><strong>fatentes</strong></span> <span class='ocrx_word' id='word_1_26' title='bbox 1302 1283 1364 1374; x_wconf 71' lang='lat'><strong>(1),</strong></span> 
     </span>
     <span class='ocr_line' id='line_1_6' title="bbox 354 1433 1351 1548; baseline -0.002 -32"><span class='ocrx_word' id='word_1_27' title='bbox 354 1437 504 1517; x_wconf 81' lang='lat' dir='ltr'><strong>docere</strong></span> <span class='ocrx_word' id='word_1_28' title='bbox 524 1435 696 1546; x_wconf 85' lang='lat' dir='ltr'><strong>quoque</strong></span> <span class='ocrx_word' id='word_1_29' title='bbox 715 1438 904 1518; x_wconf 87' lang='lat' dir='ltr'><strong>homines</strong></span> <span class='ocrx_word' id='word_1_30' title='bbox 916 1437 1058 1548; x_wconf 81' lang='lat' dir='ltr'><strong>voluit</strong></span> <span class='ocrx_word' id='word_1_31' title='bbox 1078 1463 1196 1546; x_wconf 87' lang='lat' dir='ltr'><strong>posse</strong></span> <span class='ocrx_word' id='word_1_32' title='bbox 1214 1459 1255 1516; x_wconf 88' lang='lat' dir='ltr'><strong>et</strong></span> <span class='ocrx_word' id='word_1_33' title='bbox 1272 1433 1351 1514; x_wconf 87' lang='lat' dir='ltr'><strong>La·</strong></span> 
     </span>
     <span class='ocr_line' id='line_1_7' title="bbox 353 1584 1348 1692; baseline -0.003 -28"><span class='ocrx_word' id='word_1_34' title='bbox 353 1588 488 1664; x_wconf 87' lang='lat' dir='ltr'><strong>tinam</strong></span> <span class='ocrx_word' id='word_1_35' title='bbox 507 1614 603 1666; x_wconf 88' lang='lat' dir='ltr'><strong>cum</strong></span> <span class='ocrx_word' id='word_1_36' title='bbox 619 1585 748 1665; x_wconf 83' lang='lat' dir='ltr'><strong>laude</strong></span> <span class='ocrx_word' id='word_1_37' title='bbox 771 1587 974 1680; x_wconf 84' lang='lat' dir='ltr'><strong>tractari,</strong></span> <span class='ocrx_word' id='word_1_38' title='bbox 992 1584 1107 1692; x_wconf 86' lang='lat' dir='ltr'><strong>quod</strong></span> <span class='ocrx_word' id='word_1_39' title='bbox 1128 1607 1226 1664; x_wconf 85' lang='lat' dir='ltr'><strong>ante</strong></span> <span class='ocrx_word' id='word_1_40' title='bbox 1252 1611 1348 1662; x_wconf 89' lang='lat' dir='ltr'><strong>eum</strong></span> 
     </span>
     <span class='ocr_line' id='line_1_8' title="bbox 352 1730 1348 1830; baseline -0.002 -18"><span class='ocrx_word' id='word_1_41' title='bbox 352 1761 473 1814; x_wconf 87' lang='lat' dir='ltr'><strong>nemo</strong></span> <span class='ocrx_word' id='word_1_42' title='bbox 507 1737 588 1813; x_wconf 89' lang='lat' dir='ltr'><strong>nisi</strong></span> <span class='ocrx_word' id='word_1_43' title='bbox 619 1733 838 1816; x_wconf 86' lang='lat' dir='ltr'><strong>incondite</strong></span> <span class='ocrx_word' id='word_1_44' title='bbox 866 1754 1125 1818; x_wconf 82' lang='lat' dir='ltr'><strong>tentaverat.</strong></span> <span class='ocrx_word' id='word_1_45' title='bbox 1152 1731 1236 1830; x_wconf 88' lang='lat' dir='ltr'><strong>Qui</strong></span> <span class='ocrx_word' id='word_1_46' title='bbox 1267 1730 1348 1810; x_wconf 89' lang='lat' dir='ltr'><strong>hoc</strong></span> 
     </span>
     <span class='ocr_line' id='line_1_9' title="bbox 354 1875 1350 1992; baseline -0.005 -31"><span class='ocrx_word' id='word_1_47' title='bbox 354 1885 536 1964; x_wconf 86' lang='lat' dir='ltr'><strong>stadium</strong></span> <span class='ocrx_word' id='word_1_48' title='bbox 566 1905 716 1992; x_wconf 87' lang='lat' dir='ltr'><strong>postea</strong></span> <span class='ocrx_word' id='word_1_49' title='bbox 747 1905 1029 1964; x_wconf 82' lang='lat' dir='ltr'><strong>cucurrerunt</strong></span> <span class='ocrx_word' id='word_1_50' title='bbox 1055 1875 1247 1992; x_wconf 80' lang='lat' dir='ltr'><strong>(nonde</strong></span> <span class='ocrx_word' id='word_1_51' title='bbox 1273 1877 1350 1956; x_wconf 88' lang='lat' dir='ltr'><strong>illa</strong></span> 
     </span>
     <span class='ocr_line' id='line_1_10' title="bbox 352 2026 1347 2142; baseline -0.007 -31"><span class='ocrx_word' id='word_1_52' title='bbox 352 2031 483 2111; x_wconf 90' lang='lat' dir='ltr'><strong>turba</strong></span> <span class='ocrx_word' id='word_1_53' title='bbox 517 2029 771 2112; x_wconf 87' lang='lat' dir='ltr'><strong>Latinorum</strong></span> <span class='ocrx_word' id='word_1_54' title='bbox 803 2055 1028 2142; x_wconf 84' lang='lat' dir='ltr'><strong>poetarum</strong></span> <span class='ocrx_word' id='word_1_55' title='bbox 1060 2028 1237 2135; x_wconf 90' lang='lat' dir='ltr'><strong>loquor,</strong></span> <span class='ocrx_word' id='word_1_56' title='bbox 1269 2026 1347 2133; x_wconf 89' lang='lat' dir='ltr'><strong>qui</strong></span> 
     </span>
     <span class='ocr_line' id='line_1_11' title="bbox 351 2174 1350 2286; baseline -0.003 -31"><span class='ocrx_word' id='word_1_57' title='bbox 351 2176 427 2256; x_wconf 89' lang='lat' dir='ltr'><strong>illa</strong></span> <span class='ocrx_word' id='word_1_58' title='bbox 455 2200 596 2260; x_wconf 84' lang='lat' dir='ltr'><strong>aetate</strong></span> <span class='ocrx_word' id='word_1_59' title='bbox 627 2182 720 2260; x_wconf 90' lang='lat' dir='ltr'><strong>eius</strong></span> <span class='ocrx_word' id='word_1_60' title='bbox 750 2182 854 2259; x_wconf 89' lang='lat' dir='ltr'><strong>moti</strong></span> <span class='ocrx_word' id='word_1_61' title='bbox 884 2176 1075 2286; x_wconf 88' lang='lat' dir='ltr'><strong>exemplo</strong></span> <span class='ocrx_word' id='word_1_62' title='bbox 1107 2174 1350 2254; x_wconf 80' lang='lat' dir='ltr'><strong>infelicissi-</strong></span> 
     </span>
     <span class='ocr_line' id='line_1_12' title="bbox 350 2315 1346 2438; baseline -0.003 -36"><span class='ocrx_word' id='word_1_63' title='bbox 350 2352 414 2402; x_wconf 89' lang='lat' dir='ltr'><strong>me</strong></span> <span class='ocrx_word' id='word_1_64' title='bbox 437 2324 519 2404; x_wconf 87' lang='lat' dir='ltr'><strong>boc</strong></span> <span class='ocrx_word' id='word_1_65' title='bbox 545 2330 681 2435; x_wconf 88' lang='lat' dir='ltr'><strong>poesis</strong></span> <span class='ocrx_word' id='word_1_66' title='bbox 698 2330 830 2438; x_wconf 83' lang='lat' dir='ltr'><strong>genus</strong></span> <span class='ocrx_word' id='word_1_67' title='bbox 845 2315 1139 2435; x_wconf 73' lang='lat' dir='ltr'><strong>attigerunt),</strong></span> <span class='ocrx_word' id='word_1_68' title='bbox 1159 2349 1207 2400; x_wconf 87' lang='lat' dir='ltr'><strong>ao</strong></span> <span class='ocrx_word' id='word_1_69' title='bbox 1224 2349 1346 2429; x_wconf 83' lang='lat' dir='ltr'><strong>prae·</strong></span> 
     </span>
     <span class='ocr_line' id='line_1_13' title="bbox 353 2472 1349 2581; baseline -0.002 -31"><span class='ocrx_word' id='word_1_70' title='bbox 353 2477 497 2554; x_wconf 87' lang='lat' dir='ltr'><strong>sertim</strong></span> <span class='ocrx_word' id='word_1_71' title='bbox 521 2501 650 2554; x_wconf 80' lang='lat' dir='ltr'><strong>aurea</strong></span> <span class='ocrx_word' id='word_1_72' title='bbox 668 2473 826 2553; x_wconf 85' lang='lat' dir='ltr'><strong>Leonis</strong></span> <span class='ocrx_word' id='word_1_73' title='bbox 851 2495 1018 2566; x_wconf 87' lang='lat' dir='ltr'><strong>aetate,</strong></span> <span class='ocrx_word' id='word_1_74' title='bbox 1035 2472 1282 2581; x_wconf 85' lang='lat' dir='ltr'><strong>longopost</strong></span> <span class='ocrx_word' id='word_1_75' title='bbox 1307 2497 1349 2548; x_wconf 89' lang='lat' dir='ltr'><strong>se</strong></span> 
     </span>
     <span class='ocr_line' id='line_1_14' title="bbox 351 2617 1352 2728; baseline -0.002 -32"><span class='ocrx_word' id='word_1_76' title='bbox 351 2619 580 2700; x_wconf 86' lang='lat' dir='ltr'><strong>intervallo</strong></span> <span class='ocrx_word' id='word_1_77' title='bbox 602 2619 872 2728; x_wconf 88' lang='lat' dir='ltr'><strong>reliquerunt</strong></span> <span class='ocrx_word' id='word_1_78' title='bbox 892 2617 1183 2711; x_wconf 84' lang='lat' dir='ltr'><strong>Petrarcham,</strong></span> <span class='ocrx_word' id='word_1_79' title='bbox 1200 2619 1270 2696; x_wconf 85' lang='lat' dir='ltr'><strong>eui</strong></span> <span class='ocrx_word' id='word_1_80' title='bbox 1290 2637 1352 2696; x_wconf 85' lang='lat' dir='ltr'><strong>ta·</strong></span> 
     </span>
     <span class='ocr_line' id='line_1_15' title="bbox 352 2761 1346 2878; baseline -0.005 -32"><span class='ocrx_word' id='word_1_81' title='bbox 352 2795 446 2847; x_wconf 90' lang='lat' dir='ltr'><strong>men</strong></span> <span class='ocrx_word' id='word_1_82' title='bbox 473 2796 594 2878; x_wconf 85' lang='lat' dir='ltr'><strong>pares</strong></span> <span class='ocrx_word' id='word_1_83' title='bbox 620 2797 706 2850; x_wconf 86' lang='lat' dir='ltr'><strong>esse</strong></span> <span class='ocrx_word' id='word_1_84' title='bbox 728 2773 900 2873; x_wconf 82' lang='lat' dir='ltr'><strong>minime</strong></span> <span class='ocrx_word' id='word_1_85' title='bbox 925 2788 1159 2877; x_wconf 88' lang='lat' dir='ltr'><strong>potuerunt</strong></span> <span class='ocrx_word' id='word_1_86' title='bbox 1185 2768 1231 2844; x_wconf 90' lang='lat' dir='ltr'><strong>in</strong></span> <span class='ocrx_word' id='word_1_87' title='bbox 1255 2761 1346 2843; x_wconf 90' lang='lat' dir='ltr'><strong>Ita-</strong></span> 
     </span>
     <span class='ocr_line' id='line_1_16' title="bbox 295 2912 1349 3024; baseline -0.003 -34"><span class='ocrx_word' id='word_1_88' title='bbox 295 2931 297 2935; x_wconf 83' lang='grc'><strong>’</strong></span> <span class='ocrx_word' id='word_1_89' title='bbox 352 2912 436 2992; x_wconf 88' lang='lat' dir='ltr'><strong>lica</strong></span> <span class='ocrx_word' id='word_1_90' title='bbox 472 2917 615 3023; x_wconf 80' lang='lat' dir='ltr'><strong>poesi,</strong></span> <span class='ocrx_word' id='word_1_91' title='bbox 641 2918 758 3024; x_wconf 86' lang='lat' dir='ltr'><strong>quod</strong></span> <span class='ocrx_word' id='word_1_92' title='bbox 783 2919 962 2997; x_wconf 87' lang='lat' dir='ltr'><strong>nimium</strong></span> <span class='ocrx_word' id='word_1_93' title='bbox 986 2916 1134 2996; x_wconf 88' lang='lat' dir='ltr'><strong>timide</strong></span> <span class='ocrx_word' id='word_1_94' title='bbox 1167 2942 1215 2992; x_wconf 85' lang='lat' dir='ltr'><strong>ao</strong></span> <span class='ocrx_word' id='word_1_95' title='bbox 1241 2938 1349 3021; x_wconf 89' lang='lat' dir='ltr'><strong>pene</strong></span> 
     </span>
    </p>
   </div>
   <div class='ocr_carea' id='block_1_2' title="bbox 353 3062 1469 3176">
    <p class='ocr_par' dir='ltr' id='par_1_4' title="bbox 353 3062 1469 3176">
     <span class='ocr_line' id='line_1_17' title="bbox 353 3062 1469 3176; baseline 0.001 -38"><span class='ocrx_word' id='word_1_96' title='bbox 353 3063 563 3144; x_wconf 83' lang='lat' dir='ltr'><strong>serviliter</strong></span> <span class='ocrx_word' id='word_1_97' title='bbox 588 3067 887 3176; x_wconf 84' lang='lat' dir='ltr'><strong>eiusvestigia</strong></span> <span class='ocrx_word' id='word_1_98' title='bbox 910 3068 996 3146; x_wconf 81' lang='lat' dir='ltr'><strong>sirit</strong></span> <span class='ocrx_word' id='word_1_99' title='bbox 1019 3062 1249 3172; x_wconf 79' lang='lat' dir='ltr'><strong>persecuti.</strong></span> <span class='ocrx_word' id='word_1_100' title='bbox 1339 3112 1341 3121; x_wconf 39' lang='grc' dir='ltr'><strong><em>ι</em></strong></span> <span class='ocrx_word' id='word_1_101' title='bbox 1466 3097 1469 3104; x_wconf 62' lang='grc'><strong>’</strong></span> 
     </span>
    </p>
   </div>
   <div class='ocr_carea' id='block_1_3' title="bbox 752 3273 1036 3408">
    <p class='ocr_par' dir='ltr' id='par_1_5' title="bbox 752 3273 1036 3408">
     <span class='ocr_line' id='line_1_18' title="bbox 752 3273 1036 3408; baseline 0.014 -10"><span class='ocrx_word' id='word_1_102' title='bbox 752 3273 920 3408; x_wconf 79' lang='lat' dir='ltr'><strong>vsu.</strong></span> <span class='ocrx_word' id='word_1_103' title='bbox 1015 3308 1036 3368; x_wconf 87' lang='lat'><strong>&#39;·</strong></span> 
     </span>
    </p>
   </div>
   <div class='ocr_carea' id='block_1_4' title="bbox 349 3483 1347 4048">
    <p class='ocr_par' dir='ltr' id='par_1_6' title="bbox 349 3483 1347 4048">
     <span class='ocr_line' id='line_1_19' title="bbox 424 3483 1347 3622; baseline -0.003 -37"><span class='ocrx_word' id='word_1_104' title='bbox 424 3503 512 3588; x_wconf 85' lang='lat' dir='ltr'><strong>lsta</strong></span> <span class='ocrx_word' id='word_1_105' title='bbox 541 3513 703 3622; x_wconf 84' lang='lat' dir='ltr'><strong>ingenii</strong></span> <span class='ocrx_word' id='word_1_106' title='bbox 728 3483 1002 3606; x_wconf 85' lang='lat' dir='ltr'><strong>ornamenta,</strong></span> <span class='ocrx_word' id='word_1_107' title='bbox 1033 3533 1074 3592; x_wconf 89' lang='lat' dir='ltr'><strong>et</strong></span> <span class='ocrx_word' id='word_1_108' title='bbox 1108 3507 1224 3617; x_wconf 88' lang='lat' dir='ltr'><strong>quod</strong></span> <span class='ocrx_word' id='word_1_109' title='bbox 1258 3533 1347 3583; x_wconf 88' lang='lat' dir='ltr'><strong>am-</strong></span> 
     </span>
     <span class='ocr_line' id='line_1_20' title="bbox 349 3651 1344 3770; baseline 0.004 -42"><span class='ocrx_word' id='word_1_110' title='bbox 349 3651 467 3759; x_wconf 85' lang='lat' dir='ltr'><strong>plius</strong></span> <span class='ocrx_word' id='word_1_111' title='bbox 482 3677 564 3753; x_wconf 84' lang='lat' dir='ltr'><strong>est,</strong></span> <span class='ocrx_word' id='word_1_112' title='bbox 584 3659 811 3770; x_wconf 82' lang='lat' dir='ltr'><strong>singularis</strong></span> <span class='ocrx_word' id='word_1_113' title='bbox 830 3682 1009 3740; x_wconf 85' lang='lat' dir='ltr'><strong>naturae</strong></span> <span class='ocrx_word' id='word_1_114' title='bbox 1033 3661 1220 3752; x_wconf 80' lang='lat' dir='ltr'><strong>bonitas,</strong></span> <span class='ocrx_word' id='word_1_115' title='bbox 1238 3654 1344 3734; x_wconf 81' lang='lat' dir='ltr'><strong>mul-</strong></span> 
     </span>
     <span class='ocr_line' id='line_1_21' title="bbox 349 3797 1346 3908; baseline -0.001 -28"><span class='ocrx_word' id='word_1_116' title='bbox 349 3797 490 3882; x_wconf 83' lang='lat' dir='ltr'><strong>torum</strong></span> <span class='ocrx_word' id='word_1_117' title='bbox 509 3802 549 3884; x_wconf 86' lang='lat' dir='ltr'><strong>ei</strong></span> <span class='ocrx_word' id='word_1_118' title='bbox 568 3801 853 3889; x_wconf 76' lang='lat' dir='ltr'><strong>eonciliarunt</strong></span> <span class='ocrx_word' id='word_1_119' title='bbox 876 3807 1241 3897; x_wconf 76' lang='lat' dir='ltr'><strong>benevolentiam,</strong></span> <span class='ocrx_word' id='word_1_120' title='bbox 1259 3829 1346 3908; x_wconf 89' lang='lat' dir='ltr'><strong>qua</strong></span> 
     </span>
     <span class='ocr_line' id='line_1_22' title="bbox 350 3941 1344 4048; baseline 0.007 -25"><span class='ocrx_word' id='word_1_121' title='bbox 350 3948 395 4024; x_wconf 89' lang='lat' dir='ltr'><strong>in</strong></span> <span class='ocrx_word' id='word_1_122' title='bbox 415 3975 459 4026; x_wconf 89' lang='lat' dir='ltr'><strong>re</strong></span> <span class='ocrx_word' id='word_1_123' title='bbox 473 3941 526 4028; x_wconf 80' lang='lat' dir='ltr'><strong>¹se</strong></span> <span class='ocrx_word' id='word_1_124' title='bbox 545 3952 811 4034; x_wconf 86' lang='lat' dir='ltr'><strong>fortunatum</strong></span> <span class='ocrx_word' id='word_1_125' title='bbox 836 3954 941 4034; x_wconf 86' lang='lat' dir='ltr'><strong>adeo</strong></span> <span class='ocrx_word' id='word_1_126' title='bbox 969 3955 1100 4048; x_wconf 84' lang='lat' dir='ltr'><strong>dixit,</strong></span> <span class='ocrx_word' id='word_1_127' title='bbox 1120 3976 1169 4033; x_wconf 89' lang='lat' dir='ltr'><strong>ut</strong></span> <span class='ocrx_word' id='word_1_128' title='bbox 1194 3950 1344 4030; x_wconf 92' lang='lat' dir='ltr'><strong>multo-</strong></span> 
     </span>
    </p>
   </div>
   <div class='ocr_carea' id='block_1_5' title="bbox 883 4174 1345 4201">
    <p class='ocr_par' dir='ltr' id='par_1_7' title="bbox 883 4174 1345 4201">
     <span class='ocr_line' id='line_1_23' title="bbox 883 4174 1345 4201; baseline -0.004 0"><span class='ocrx_word' id='word_1_129' title='bbox 883 4175 1246 4201; x_wconf 53' lang='lat' dir='ltr'><strong>ww</strong></span> <span class='ocrx_word' id='word_1_130' title='bbox 1250 4175 1302 4196; x_wconf 49' lang='grc' dir='ltr'><strong>θ’</strong></span> <span class='ocrx_word' id='word_1_131' title='bbox 1308 4174 1345 4194; x_wconf 67' lang='grc' dir='ltr'><strong>Ν</strong></span> 
     </span>
    </p>
   </div>
   <div class='ocr_carea' id='block_1_6' title="bbox 333 4261 945 4345">
    <p class='ocr_par' dir='ltr' id='par_1_8' title="bbox 333 4261 945 4345">
     <span class='ocr_line' id='line_1_24' title="bbox 333 4261 945 4345; baseline 0.01 -26"><span class='ocrx_word' id='word_1_132' title='bbox 333 4282 338 4297; x_wconf 83' lang='lat'><em>¹</em></span> <span class='ocrx_word' id='word_1_133' title='bbox 412 4261 457 4339; x_wconf 87' lang='lat' dir='ltr'><strong>(r)</strong></span> <span class='ocrx_word' id='word_1_134' title='bbox 474 4267 584 4324; x_wconf 84' lang='lat' dir='ltr'><strong>Horat.</strong></span> <span class='ocrx_word' id='word_1_135' title='bbox 601 4269 701 4343; x_wconf 83' lang='lat' dir='ltr'><strong>Epist.</strong></span> <span class='ocrx_word' id='word_1_136' title='bbox 716 4267 773 4326; x_wconf 91' lang='lat' dir='ltr'><strong>lib.</strong></span> <span class='ocrx_word' id='word_1_137' title='bbox 790 4273 830 4327; x_wconf 90' lang='lat'><strong>11.</strong></span> <span class='ocrx_word' id='word_1_138' title='bbox 850 4287 901 4345; x_wconf 83' lang='lat' dir='ltr'><strong>op.</strong></span> <span class='ocrx_word' id='word_1_139' title='bbox 921 4291 945 4326; x_wconf 86' lang='lat'><strong>1.</strong></span> 
     </span>
    </p>
   </div>
   <div class='ocr_carea' id='block_1_7' title="bbox 0 0 2096 5806">
    <p class='ocr_par' dir='ltr' id='par_1_9' title="bbox 0 0 2096 5806">
     <span class='ocr_line' id='line_1_25' title="bbox 0 0 2096 5806; baseline 0 0"><span class='ocrx_word' id='word_1_140' title='bbox 0 0 2096 5806; x_wconf 95' lang='lat' dir='ltr'><strong> </strong></span> 
     </span>
    </p>
   </div>
  </div>
 </body>
</html>
