4260 5826
776 651 905 741 105.

343 840 610 925 Florentiam.
632 834 802 928 invisit,
834 829 1026 912 Aretium
1055 853 1226 936 quoque
1253 825 1338 908 Ro-

345 1018 412 1070 ma
429 985 594 1068 rediens
620 981 816 1074 accessit,
836 980 955 1058 euius
977 975 1096 1055 urhis
1119 975 1336 1086 magistra-

348 1159 537 1216 tue.cum
560 1132 669 1212 bene
694 1154 846 1239 magna
882 1146 1055 1205 caterva
1079 1125 1239 1204 civium
1261 1123 1342 1202 ob·

347 1284 460 1364 viam
472 1278 537 1360 illi
549 1297 671 1358 extra
681 1274 800 1356 urbis
816 1274 982 1352 moenia
993 1292 1286 1380 processerunt
1296 1266 1357 1368 (¹),

268 1417 1344 1536 ‚emssmwfflmmfflwmmmffin

352 1601 485 1681 aeque
511 1570 708 1654 liberales
732 1567 969 1650 Florentini
1002 1568 1119 1648 suere
1145 1569 1190 1646 in
1222 1588 1341 1650 tanto

313 1787 315 1792 ,
352 1723 445 1800 eive
466 1718 738 1822 honorando,
753 1745 842 1838 qua
860 1715 913 1794 de
933 1744 977 1794 re
997 1735 1041 1796 et
1059 1716 1161 1822 ipse·
1172 1735 1344 1821 questus
1458 1724 1460 1730 ’

353 1889 437 1962 est3
457 1866 529 1946 sed
549 1885 597 1946 ut
617 1891 800 1944 errorem
818 1861 1113 1958 emendarent,
1134 1888 1220 1942 non
1242 1863 1350 1944 mul·

351 2035 395 2094 to
421 2035 515 2122 post
544 2011 598 2092 ad
623 2039 739 2108 eum,
764 2038 860 2090 cum
888 2029 992 2090 esset
1013 2008 1203 2106 Patavii,
1226 2011 1350 2090 mise-

352 2180 452 2240 runt
473 2157 677 2238 Ioannem
691 2156 940 2240 Bocoatium
958 2186 1052 2237 oum
1071 2157 1351 2265 litteris,qui·

351 2309 429 2386 bus
459 2305 753 2417 significabant
787 2305 945 2388 factum
975 2303 1102 2385 fuisse
1133 2304 1348 2386 decretum

353 2453 405 2534 de
431 2453 704 2537 restituendis
730 2453 794 2534 illi
820 2455 1009 2562 paternis
1039 2454 1182 2548 bonis,
1209 2454 1348 2561 deque

352 2601 590 2682 mandando
607 2600 900 2682 honestissimo
919 2599 1013 2680 loco
1032 2603 1077 2682 in
1096 2600 1239 2712 Lyceo
1259 2598 1292 2678 F
1294 2600 1352 2680 lo-

354 2750 543 2846 rentino,
562 2747 678 2857 quod
703 2770 793 2828 tum
811 2750 992 2856 primum
1013 2767 1104 2832 erat
1124 2748 1352 2829 instituen-

355 2895 454 2974 dum
471 2891 530 2974 (²).
555 2893 771 3004 Principio
797 2894 843 2974 id
872 2923 914 2974 se
938 2895 1049 2976 velle
1067 2917 1187 3007 grate
1213 2915 1256 2976 et
1281 2897 1351 3004 pie
1426 2929 1428 2936 ’

354 3131 724 3158 “emoueom
730 3135 1353 3162 'mmoumomooueoe

416 3235 461 3312 (1)
479 3241 634 3298 Narrons
650 3237 686 3296 id
702 3245 751 3298 Io:
770 3243 903 3306 Aretino
912 3279 924 3315 ,
940 3246 991 3300 ait
1007 3247 1090 3301 sein
1107 3247 1209 3302 locem
1231 3241 1352 3301 editum

347 3335 455 3412 fuisse
470 3339 504 3398 in
521 3339 595 3400 vico
608 3341 727 3398 intimo
744 3343 891 3402 civitatis
908 3345 1029 3413 Arerii,
1044 3345 1101 3422 qui
1117 3345 1254 3416 §Hostus-
1268 3344 1358 3404 dice-

356 3435 474 3509 batur,
490 3460 526 3498 ιο
541 3461 599 3519 per
615 3440 707 3500 illum
718 3443 854 3500 ductum
868 3443 983 3512 fuisse,
1002 3457 1037 3502 ut
1053 3445 1183 3506 domum
1200 3446 1287 3504 haud
1303 3466 1356 3504 sa-

356 3557 396 3600 ne
412 3541 712 3622 umplem‚quelem
723 3543 851 3602 exulem
863 3543 1017 3614 decebat,
1033 3547 1067 3603 in
1076 3567 1139 3623 qua
1157 3559 1252 3606 natus
1268 3559 1355 3618 erat,

355 3643 526 3702 inviseret.
543 3647 644 3706 Addit
660 3650 760 3706 etiam
777 3647 944 3708 dominnm
961 3648 1049 3708 illius
1064 3648 1194 3726 publice
1210 3651 1355 3728 prohibi·

356 3755 424 3801 turn
442 3745 531 3803 illam
542 3747 760 3825 amplificare,
778 3769 818 3806 ne
834 3749 960 3828 quidex
981 3771 1015 3808 ea
1029 3749 1133 3830 specie
1149 3745 1351 3824 mutaretur,

356 3863 439 3921 quae
455 3845 569 3906 suimet
579 3850 727 3926 ,quaudo
743 3851 796 3910 hic
807 3853 960 3912 tantillus
975 3852 1168 3923 homuntio,
1179 3857 1356 3934 tenuitque

357 3959 509 4024 peccator
524 3950 612 4008 intra
627 3951 708 4012 illud
724 3952 826 4014 limen
840 3956 874 4016 iu
891 3955 977 4016 hano
999 3955 1196 4016 laboriosam
1211 3967 1246 4015 et
1260 3956 1356 4018 mire-

356 4066 426 4108 ram
444 4049 548 4110 vitam
564 4053 673 4111 venit.
690 4061 761 4114 Sen·
782 4061 854 4117 Lib·
870 4065 966 4118 XIII.
984 4065 1044 4138 Ep.
1061 4079 1117 4117 Νι.

412 4149 456 4228 (n)
473 4150 569 4212 Nihil
584 4153 844 4234 honorificentius
854 4161 927 4237 fieri
943 4169 1054 4240 potuit
1068 4165 1125 4224 hoe
1140 4165 1289 4236 decrero,
1306 4182 1357 4223 en»

357 4255 409 4310 ius
430 4257 610 4333 exemplum
629 4259 769 4334 protulit
783 4260 896 4320 Medus
911 4267 946 4322 in
961 4269 1031 4326 vita
1047 4268 1205 4326 Amororii
1215 4269 1357 4326 ‘Comei'-

1159 4359 1190 4402 14
