4260 5826
806 687 915 788 109

363 871 502 954 buisse
530 867 818 973 Petrarcham.
847 867 983 970 Quem
1006 895 1092 949 non
1116 869 1354 950 contemni-

363 1047 453 1100 mus
466 1016 784 1129 philosophum‚
796 1045 892 1099 cum
907 1045 958 1096 ea
968 1013 1167 1129 legimus‚
1180 1045 1290 1124 quae
1303 1016 1356 1097 ad

364 1164 593 1248 Nicolaum
618 1163 897 1245 Acciaiolium
916 1165 1108 1273 scripsit,
1125 1165 1272 1260 cuius,
1289 1189 1360 1242 ex-

366 1313 498 1424 pulsis
526 1312 804 1408 Pannonicis,
821 1311 1146 1420 conciliatisque
1164 1339 1240 1422 per
1263 1340 1359 1393 eum

366 1481 492 1543 antea
515 1463 678 1572 nuptiis
703 1460 890 1542 Ioannac
911 1459 1098 1571 Reginae
1117 1487 1212 1539 cum
1232 1458 1363 1571 Aloy-

365 1613 427 1690 sio
453 1607 711 1706 Tarentino,
735 1637 894 1692 summa
926 1627 1016 1690 erat
1041 1611 1087 1688 in
1112 1604 1364 1715 Neapolita-

364 1758 411 1838 ni
436 1754 572 1867 Regni
594 1757 938 1838 administrandis
958 1756 1087 1836 rebus
1111 1753 1360 1837 auctoritas!

363 1901 506 1986 Multa
532 1904 685 1985 abillo
712 1905 829 1986 dicta
856 1925 953 1984 sunt
979 1904 1032 1984 de
1052 1903 1250 1986 ordinum
1269 1931 1364 1983 con-

364 2051 509 2130 cordia
527 2071 569 2132 et
589 2051 816 2162 dignitate,
837 2051 890 2132 de
909 2051 1074 2132 ratione
1095 2042 1258 2130 animos
1275 2079 1366 2160 per-

364 2195 466 2278 fidia
494 2197 712 2280 hominum
743 2199 1024 2280 barbarorum
1056 2199 1281 2280 distractos
1312 2179 1393 2278 ad¹

365 2346 727 2454 tranquillitatem
746 2347 997 2444 revocandi,
1010 2347 1063 2428 de
1083 2375 1169 2426 non
1189 2375 1367 2427 oneran-

363 2493 417 2571 do
442 2494 618 2574 tributis
644 2494 833 2604 populo,
854 2497 978 2576 cuius
1001 2493 1181 2577 divitiae
1207 2495 1253 2574 in
1278 2493 1366 2574 Re-

364 2667 435 2752 ges
459 2641 570 2749 ipsos
594 2641 817 2738 recidunt,
836 2641 889 2721 de
914 2643 1111 2750 praemiis
1135 2663 1177 2721 et
1196 2643 1364 2751 poenis,

363 2787 521 2894 quibus
547 2786 715 2868 duabus
740 2789 867 2868 rebus
891 2789 1109 2896 sapienter
1129 2787 1275 2868 docuit
1297 2786 1364 2868 So·

363 2932 437 3014 lon
469 2937 679 3015 contineri
715 2933 1064 3045 Rempublicam,
1092 2933 1362 3042 deque'aliis

365 3078 631 3178 huiusmodi,
656 3108 768 3189 quac
793 3084 876 3162 sita
900 3101 998 3162 sunt
1024 3082 1068 3160 in
1094 3081 1266 3163 delectu
1291 3082 1364 3162 bo‹

365 3254 536 3323 norum,
555 3256 752 3336 quaeque
772 3255 890 3310 nosse
916 3227 1173 3338 prudentiae
1198 3249 1284 3324 est,
1303 3227 1363 3309 fa-

364 3403 458 3456 cere
485 3375 771 3457 fortitudinis.
807 3375 1011 3488 Magnum
1036 3404 1210 3485 quoque
1240 3395 1362 3456 attu-

228 3547 232 3556 '
364 3525 460 3602 lisse
493 3524 539 3604 in
579 3553 630 3604 eo
663 3523 835 3606 videtur
868 3521 1122 3604 beneficium
1149 3521 1361 3632 Neapoli·
1394 3559 1397 3566 ·

364 3691 465 3750 tano
491 3669 675 3784 populo,
700 3672 818 3778 quod
845 3671 1057 3752 studuerit
1085 3669 1360 3750 reconciliare

366 3815 607 3920 voluntates
626 3816 850 3900 Acciaiolii
875 3821 1007 3929 ipsius
1024 3840 1067 3900 et
1093 3816 1261 3896 loannis
1282 3814 1362 3896 Ba-

367 3961 477 4057 rilis,
496 3987 607 4070 quas‘
625 3967 802 4050 ambitio
821 3967 1107 4048 disiunxerat.
1133 3963 1300 4046 Summa
1319 3993 1361 4042 e-

368 4129 464 4192 rant
490 4111 715 4218 utriusque
736 4115 906 4218 merita,
925 4115 981 4192 ob
1005 4141 1117 4221 quac
1144 4141 1196 4190 ex
1222 4113 1361 4221 priva·

367 4279 413 4335 ta
437 4257 607 4369 fortuna
632 4259 685 4338 ad
713 4259 984 4368 amplissimas
1010 4261 1241 4371 dignitates
1267 4287 1361 4368 per·
