4180 5796
789 613 874 712 95,

737 905 921 978 XXIII.

367 1134 370 1145 ·
399 1090 525 1171 'Huic
549 1117 635 1170 non
651 1087 875 1168 mediooris
901 1111 993 1196 spes
1019 1081 1175 1167 affulsit
1202 1075 1328 1166 uvir

332 1225 625 1320 tuteNicolai
652 1229 998 1331 Laurentii-filii⁹
1018 1237 1096 1342 qui
1122 1233 1330 1343 Populum

269 1481 271 1492 Ι
333 1386 565 1468 Romanum
584 1387 859 1468 inflammavit
877 1385 931 1464 ad
948 1383 1236 1464 deiicieudum
1250 1407 1330 1459 ser·

332 1537 418 1618 vile
439 1539 607 1647 iugum,
627 1533 744 1645 quod
762 1533 802 1612 ei
821 1533 1111 1642 imposuerant
1134 1529 1331 1637 potentes

332 1681 538 1779 familiae,
552 1711 603 1762 oc
615 1682 864 1793 praesertim
878 1677 1181 1758 Columnenses
1201 1695 1329 1784 atque

334 1827 495 1911 Vrsinii
515 1830 734 1940 perpetuis
753 1855 803 1908 ac
819 1825 1067 1908 crudelibus
1089 1825 1198 1904 odiis
1216 1825 1330 1904 inter

335 2005 377 2057 se
404 1977 682 2076 dissidentes,
702 2004 831 2085 seque
855 1977 901 2056 in
925 1970 1170 2055 libertatem
1192 1971 1332 2054 vindi-

309 2114 539 2206 eandum.
568 2126 689 2237 Ipso,
709 2148 879 2207 strenuo
906 2151 1005 2204 sane
1031 2123 1141 2202 duee
1158 2181 1171 2218 ,
1188 2124 1221 2200 si
1247 2149 1334 2200 non

335 2277 560 2382 optimam,
579 2295 622 2352 at
643 2273 829 2380 aliquam
851 2271 1174 2381 Rempublieam
1195 2297 1334 2380 popu-

333 2420 399 2499 lus
431 2422 506 2500 ille
540 2447 810 2528 recuperasse
837 2415 1090 2514 videbatur,
1123 2419 1192 2498 eui
1221 2419 1333 2498 idem

336 2567 518 2649 Tribuni
537 2565 707 2645 nomine
725 2589 944 2675 praeerat.
968 2563 1126 2676 Magna
1145 2563 1261 2642 illico
1280 2563 1338 2644 fa·

337 2745 405 2795 ma
431 2715 612 2794 surrexit
639 2742 723 2793 non
757 2713 891 2792 solum
917 2715 1006 2792 eius
1032 2713 1230 2802 virtutis,
1261 2711 1332 2790 aed

338 2865 466 2945 etiam
490 2863 682 2942 iustitiae
711 2862 756 2938 in
782 2860 968 2971 publicis
999 2859 1125 2939 rebus
1150 2859 1335 2938 admini···

337 2985 543 3105 stratidis,
575 3037 624 3087 ae
657 3006 849 3116 plurese
886 3008 1139 3089 civitatibus
1172 2999 1335 3088 ItaIIeis

335 3159 448 3237 inter
469 3184 582 3268 spem
603 3179 645 3237 at
663 3177 820 3238 metum
845 3157 1006 3270 legatos
1026 3159 1080 3237 ad
1100 3151 1195 3237 eum
1217 3159 1337 3236 mise·

336 3326 459 3401 runt,
486 3307 716 3384 amicitiam
741 3305 873 3415 ipsius
896 3324 1091 3412 petentes
1118 3304 1336 3414 gratulan-

336 3473 485 3561 tesque
519 3453 637 3562 quod
671 3477 747 3562 per
780 3479 876 3532 eum
911 3449 1088 3532 libertas
1113 3446 1232 3530 malis
1255 3479 1335 3562 op-

337 3601 479 3708 pressa
504 3599 729 3694 civilibus,
754 3599 838 3679 iam
872 3598 1078 3678 extollere
1112 3619 1266 3708 eaput,
1291 3619 1334 3678 et

340 3745 573 3854 aliquando
601 3766 799 3828 recreata
831 3773 873 3826 se
907 3747 1068 3856 erigere
1100 3743 1332 3855 in'ciperet.

243 3991 246 3994 p
339 3890 609 3973 Huius'tanti
628 3894 827 3974 facinoris
848 3895 1037 3974 conscius
1058 3915 1149 3973 erat
1171 3889 1337 3974 Petras-

339 4039 444 4136 cha,
462 4043 538 4149 qui
563 4069 659 4122 cum
685 4040 878 4122 Tribuno
903 4045 1018 4151 ipso,
1037 4069 1165 4150 quem
1181 4038 1333 4124 habuit

342 4191 536 4270 comitem
555 4192 600 4268 in
618 4189 694 4268 illa
710 4189 862 4300 populi
878 4189 1057 4272 Romani
1076 4193 1130 4272 ad
1144 4190 1337 4271 Clemen-
