<?xml version="1.0" encoding="UTF-8"?>
<!DOCTYPE html PUBLIC "-//W3C//DTD XHTML 1.0 Transitional//EN"
    "http://www.w3.org/TR/xhtml1/DTD/xhtml1-transitional.dtd">
<html xmlns="http://www.w3.org/1999/xhtml" xml:lang="en" lang="en">
 <head>
  <title>
</title>
<meta http-equiv="Content-Type" content="text/html;charset=utf-8" />
  <meta name='ocr-system' content='tesseract 3.04.00' />
  <meta name='ocr-capabilities' content='ocr_page ocr_carea ocr_par ocr_line ocrx_word'/>
</head>
<body>
  <div class='ocr_page' id='page_1' title='image "./franciscipetrar00fabrgoog_0203.png"; bbox 0 0 4180 5796; ppageno 0'>
   <div class='ocr_carea' id='block_1_1' title="bbox 1173 611 1281 702">
    <p class='ocr_par' dir='ltr' id='par_1_1' title="bbox 1173 611 1281 702">
     <span class='ocr_line' id='line_1_1' title="bbox 1173 611 1281 702; baseline 0.019 -2"><span class='ocrx_word' id='word_1_1' title='bbox 1173 611 1281 702; x_wconf 68' lang='lat'>188</span> 
     </span>
    </p>
   </div>
   <div class='ocr_carea' id='block_1_2' title="bbox 733 807 1753 2962">
    <p class='ocr_par' dir='ltr' id='par_1_2' title="bbox 733 807 1753 2962">
     <span class='ocr_line' id='line_1_2' title="bbox 735 807 1734 902; baseline 0.002 -26"><span class='ocrx_word' id='word_1_2' title='bbox 735 833 783 878; x_wconf 88' lang='lat' dir='ltr'>no</span> <span class='ocrx_word' id='word_1_3' title='bbox 799 810 927 902; x_wconf 81' lang='lat' dir='ltr'>(quotl</span> <span class='ocrx_word' id='word_1_4' title='bbox 943 827 1088 879; x_wconf 79' lang='lat' dir='ltr'>avertat</span> <span class='ocrx_word' id='word_1_5' title='bbox 1106 807 1230 898; x_wconf 86' lang='lat' dir='ltr'>Deus)</span> <span class='ocrx_word' id='word_1_6' title='bbox 1246 827 1331 880; x_wconf 84' lang='lat' dir='ltr'>ante</span> <span class='ocrx_word' id='word_1_7' title='bbox 1346 835 1403 882; x_wconf 90' lang='lat' dir='ltr'>me</span> <span class='ocrx_word' id='word_1_8' title='bbox 1417 815 1618 884; x_wconf 82' lang='lat' dir='ltr'>moriatur:</span> <span class='ocrx_word' id='word_1_9' title='bbox 1632 829 1734 882; x_wconf 79' lang='lat' dir='ltr'>tnnc.</span> 
     </span>
     <span class='ocr_line' id='line_1_3' title="bbox 733 931 1753 1028; baseline 0.002 -32"><span class='ocrx_word' id='word_1_10' title='bbox 733 931 843 998; x_wconf 88' lang='lat' dir='ltr'>heres</span> <span class='ocrx_word' id='word_1_11' title='bbox 858 953 961 998; x_wconf 87' lang='lat' dir='ltr'>meus</span> <span class='ocrx_word' id='word_1_12' title='bbox 976 949 1055 999; x_wconf 88' lang='lat' dir='ltr'>esto</span> <span class='ocrx_word' id='word_1_13' title='bbox 1067 932 1299 1001; x_wconf 83' lang='lat' dir='ltr'>Lumbardus</span> <span class='ocrx_word' id='word_1_14' title='bbox 1316 958 1337 1001; x_wconf 87' lang='lat' dir='ltr'><strong>a</strong></span> <span class='ocrx_word' id='word_1_15' title='bbox 1351 932 1477 1003; x_wconf 87' lang='lat' dir='ltr'>Serico</span> <span class='ocrx_word' id='word_1_16' title='bbox 1494 935 1726 1028; x_wconf 82' lang='lat' dir='ltr'>praedictus,</span> <span class='ocrx_word' id='word_1_17' title='bbox 1748 931 1753 942; x_wconf 85' lang='lat'>&#39;</span> 
     </span>
     <span class='ocr_line' id='line_1_4' title="bbox 736 1049 1728 1150; baseline 0.003 -34"><span class='ocrx_word' id='word_1_18' title='bbox 736 1049 804 1140; x_wconf 85' lang='lat' dir='ltr'>qui</span> <span class='ocrx_word' id='word_1_19' title='bbox 832 1053 943 1142; x_wconf 84' lang='lat' dir='ltr'>plane</span> <span class='ocrx_word' id='word_1_20' title='bbox 974 1052 1139 1121; x_wconf 89' lang='lat' dir='ltr'>animum</span> <span class='ocrx_word' id='word_1_21' title='bbox 1167 1077 1291 1122; x_wconf 89' lang='lat' dir='ltr'>meum</span> <span class='ocrx_word' id='word_1_22' title='bbox 1321 1056 1446 1124; x_wconf 86' lang='lat' dir='ltr'>novit:</span> <span class='ocrx_word' id='word_1_23' title='bbox 1469 1079 1602 1150; x_wconf 89' lang='lat' dir='ltr'>quem,</span> <span class='ocrx_word' id='word_1_24' title='bbox 1623 1073 1666 1122; x_wconf 87' lang='lat' dir='ltr'>nt</span> <span class='ocrx_word' id='word_1_25' title='bbox 1687 1055 1728 1120; x_wconf 92' lang='lat' dir='ltr'>in</span> 
     </span>
     <span class='ocr_line' id='line_1_5' title="bbox 735 1169 1730 1266; baseline 0 -24"><span class='ocrx_word' id='word_1_26' title='bbox 735 1171 816 1242; x_wconf 81' lang='lat' dir='ltr'>vita</span> <span class='ocrx_word' id='word_1_27' title='bbox 831 1169 1089 1242; x_wconf 82' lang='lat' dir='ltr'>fidelissimum</span> <span class='ocrx_word' id='word_1_28' title='bbox 1104 1193 1318 1266; x_wconf 87' lang='lat' dir='ltr'>expertum,</span> <span class='ocrx_word' id='word_1_29' title='bbox 1343 1201 1418 1246; x_wconf 90' lang='lat' dir='ltr'>non</span> <span class='ocrx_word' id='word_1_30' title='bbox 1437 1179 1561 1246; x_wconf 85' lang='lat' dir='ltr'>minus</span> <span class='ocrx_word' id='word_1_31' title='bbox 1582 1175 1730 1243; x_wconf 86' lang='lat' dir='ltr'>fidelem</span> 
     </span>
     <span class='ocr_line' id='line_1_6' title="bbox 737 1295 1730 1384; baseline 0.003 -26"><span class='ocrx_word' id='word_1_32' title='bbox 737 1315 846 1383; x_wconf 85' lang='lat' dir='ltr'>spero</span> <span class='ocrx_word' id='word_1_33' title='bbox 875 1313 956 1384; x_wconf 92' lang='lat' dir='ltr'>post</span> <span class='ocrx_word' id='word_1_34' title='bbox 987 1295 1152 1366; x_wconf 82' lang='lat' dir='ltr'>ebitum.</span> <span class='ocrx_word' id='word_1_35' title='bbox 1180 1296 1277 1366; x_wconf 84' lang='lat' dir='ltr'>Haec</span> <span class='ocrx_word' id='word_1_36' title='bbox 1307 1298 1393 1364; x_wconf 88' lang='lat' dir='ltr'>iure</span> <span class='ocrx_word' id='word_1_37' title='bbox 1422 1297 1636 1366; x_wconf 80' lang='lat' dir='ltr'><strong>testamenti</strong></span> <span class='ocrx_word' id='word_1_38' title='bbox 1666 1311 1730 1363; x_wconf 80' lang='lat' dir='ltr'>snt</span> 
     </span>
     <span class='ocr_line' id='line_1_7' title="bbox 737 1413 1734 1508; baseline 0.003 -30"><span class='ocrx_word' id='word_1_39' title='bbox 737 1413 894 1480; x_wconf 81' lang='lat' dir='ltr'>alterius</span> <span class='ocrx_word' id='word_1_40' title='bbox 925 1416 1080 1484; x_wconf 86' lang='lat' dir='ltr'>ultimae</span> <span class='ocrx_word' id='word_1_41' title='bbox 1100 1417 1331 1495; x_wconf 85' lang='lat' dir='ltr'>voluntatis,</span> <span class='ocrx_word' id='word_1_42' title='bbox 1355 1439 1420 1484; x_wconf 88' lang='lat' dir='ltr'>sen</span> <span class='ocrx_word' id='word_1_43' title='bbox 1441 1439 1678 1508; x_wconf 86' lang='lat' dir='ltr'>quocumque</span> <span class='ocrx_word' id='word_1_44' title='bbox 1700 1439 1734 1482; x_wconf 82' lang='lat' dir='ltr'>a·</span> 
     </span>
     <span class='ocr_line' id='line_1_8' title="bbox 734 1533 1734 1630; baseline 0 -30"><span class='ocrx_word' id='word_1_45' title='bbox 734 1533 788 1601; x_wconf 92' lang='lat' dir='ltr'>lio</span> <span class='ocrx_word' id='word_1_46' title='bbox 810 1534 918 1602; x_wconf 92' lang='lat' dir='ltr'>modo</span> <span class='ocrx_word' id='word_1_47' title='bbox 938 1538 1074 1604; x_wconf 86' lang='lat' dir='ltr'>melius</span> <span class='ocrx_word' id='word_1_48' title='bbox 1095 1537 1261 1605; x_wconf 84' lang='lat' dir='ltr'>valitura</span> <span class='ocrx_word' id='word_1_49' title='bbox 1280 1539 1488 1630; x_wconf 81' lang='lat' dir='ltr'><strong>conscripsi</strong></span> <span class='ocrx_word' id='word_1_50' title='bbox 1509 1559 1621 1604; x_wconf 81' lang='lat' dir='ltr'>manu</span> <span class='ocrx_word' id='word_1_51' title='bbox 1644 1557 1734 1626; x_wconf 90' lang='lat' dir='ltr'>pro-</span> 
     </span>
     <span class='ocr_line' id='line_1_9' title="bbox 737 1653 1732 1751; baseline -0.004 -27"><span class='ocrx_word' id='word_1_52' title='bbox 737 1655 821 1748; x_wconf 85' lang='lat' dir='ltr'>pria</span> <span class='ocrx_word' id='word_1_53' title='bbox 841 1653 986 1727; x_wconf 81' lang='lat' dir='ltr'>Paduae</span> <span class='ocrx_word' id='word_1_54' title='bbox 1015 1658 1058 1726; x_wconf 92' lang='lat' dir='ltr'>in</span> <span class='ocrx_word' id='word_1_55' title='bbox 1085 1658 1193 1726; x_wconf 88' lang='lat' dir='ltr'>domo</span> <span class='ocrx_word' id='word_1_56' title='bbox 1215 1658 1421 1740; x_wconf 79' lang='lat' dir='ltr'>Ecclesiae,</span> <span class='ocrx_word' id='word_1_57' title='bbox 1442 1661 1555 1751; x_wconf 78' lang='lat' dir='ltr'>qnam</span> <span class='ocrx_word' id='word_1_58' title='bbox 1580 1655 1732 1734; x_wconf 83' lang='lat' dir='ltr'>habito,</span> 
     </span>
     <span class='ocr_line' id='line_1_10' title="bbox 740 1775 1732 1868; baseline -0.006 -24"><span class='ocrx_word' id='word_1_59' title='bbox 740 1776 846 1845; x_wconf 82' lang='lat' dir='ltr'>Anno</span> <span class='ocrx_word' id='word_1_60' title='bbox 867 1779 1017 1847; x_wconf 87' lang='lat' dir='ltr'>Domini</span> <span class='ocrx_word' id='word_1_61' title='bbox 1039 1777 1264 1848; x_wconf 73' lang='lat' dir='ltr'>MCCCLXX</span> <span class='ocrx_word' id='word_1_62' title='bbox 1284 1778 1411 1848; x_wconf 84' lang='lat' dir='ltr'>Pridie</span> <span class='ocrx_word' id='word_1_63' title='bbox 1433 1800 1547 1846; x_wconf 86' lang='lat' dir='ltr'>nonas</span> <span class='ocrx_word' id='word_1_64' title='bbox 1572 1775 1732 1868; x_wconf 84' lang='lat' dir='ltr'>Aprilis.</span> 
     </span>
     <span class='ocr_line' id='line_1_11' title="bbox 739 1896 1733 1993; baseline -0.001 -30"><span class='ocrx_word' id='word_1_65' title='bbox 739 1897 783 1965; x_wconf 89' lang='lat' dir='ltr'>Et</span> <span class='ocrx_word' id='word_1_66' title='bbox 804 1899 998 1968; x_wconf 82' lang='lat' dir='ltr'>Nicolaum</span> <span class='ocrx_word' id='word_1_67' title='bbox 1026 1901 1234 1982; x_wconf 86' lang='lat' dir='ltr'>notarium,</span> <span class='ocrx_word' id='word_1_68' title='bbox 1256 1899 1377 1969; x_wconf 89' lang='lat' dir='ltr'>filium</span> <span class='ocrx_word' id='word_1_69' title='bbox 1397 1925 1431 1993; x_wconf 91' lang='lat' dir='ltr'>q.</span> <span class='ocrx_word' id='word_1_70' title='bbox 1453 1923 1512 1968; x_wconf 87' lang='lat' dir='ltr'>ser</span> <span class='ocrx_word' id='word_1_71' title='bbox 1534 1896 1733 1964; x_wconf 83' lang='lat' dir='ltr'>Bartholo-</span> 
     </span>
     <span class='ocr_line' id='line_1_12' title="bbox 739 2017 1732 2103; baseline -0.006 -15"><span class='ocrx_word' id='word_1_72' title='bbox 739 2021 852 2100; x_wconf 82' lang='lat' dir='ltr'>maei,</span> <span class='ocrx_word' id='word_1_73' title='bbox 876 2045 916 2091; x_wconf 87' lang='lat' dir='ltr'>ac</span> <span class='ocrx_word' id='word_1_74' title='bbox 945 2019 1160 2103; x_wconf 81' lang='lat' dir='ltr'>Nicolaum,</span> <span class='ocrx_word' id='word_1_75' title='bbox 1190 2021 1312 2092; x_wconf 89' lang='lat' dir='ltr'>lilium</span> <span class='ocrx_word' id='word_1_76' title='bbox 1340 2046 1399 2092; x_wconf 87' lang='lat' dir='ltr'>ser</span> <span class='ocrx_word' id='word_1_77' title='bbox 1420 2019 1543 2101; x_wconf 90' lang='lat' dir='ltr'>Petri,</span> <span class='ocrx_word' id='word_1_78' title='bbox 1565 2017 1732 2088; x_wconf 85' lang='lat' dir='ltr'>notarios</span> 
     </span>
     <span class='ocr_line' id='line_1_13' title="bbox 739 2139 1733 2240; baseline -0.003 -32"><span class='ocrx_word' id='word_1_79' title='bbox 739 2141 1021 2236; x_wconf 80' lang='lat' dir='ltr'>infrascriptos,</span> <span class='ocrx_word' id='word_1_80' title='bbox 1042 2146 1194 2240; x_wconf 81' lang='lat' dir='ltr'>rogavi,</span> <span class='ocrx_word' id='word_1_81' title='bbox 1215 2161 1330 2236; x_wconf 86' lang='lat' dir='ltr'>prout</span> <span class='ocrx_word' id='word_1_82' title='bbox 1351 2145 1393 2211; x_wconf 91' lang='lat' dir='ltr'>in</span> <span class='ocrx_word' id='word_1_83' title='bbox 1412 2165 1544 2211; x_wconf 86' lang='lat' dir='ltr'>eorum</span> <span class='ocrx_word' id='word_1_84' title='bbox 1566 2139 1733 2207; x_wconf 86' lang='lat' dir='ltr'>subscri·-</span> 
     </span>
     <span class='ocr_line' id='line_1_14' title="bbox 739 2259 1734 2358; baseline -0.005 -28"><span class='ocrx_word' id='word_1_85' title='bbox 739 2264 935 2356; x_wconf 88' lang='lat' dir='ltr'>ptionibus</span> <span class='ocrx_word' id='word_1_86' title='bbox 951 2264 1207 2358; x_wconf 78' lang='lat' dir='ltr'>infrascriptis</span> <span class='ocrx_word' id='word_1_87' title='bbox 1226 2265 1465 2334; x_wconf 82' lang='lat' dir='ltr'>continetur.</span> <span class='ocrx_word' id='word_1_88' title='bbox 1480 2262 1603 2329; x_wconf 87' lang='lat' dir='ltr'>Vnum</span> <span class='ocrx_word' id='word_1_89' title='bbox 1619 2259 1734 2337; x_wconf 80' lang='lat' dir='ltr'>oddo,</span> 
     </span>
     <span class='ocr_line' id='line_1_15' title="bbox 739 2383 1734 2476; baseline -0.007 -24"><span class='ocrx_word' id='word_1_90' title='bbox 739 2385 842 2476; x_wconf 87' lang='lat' dir='ltr'>qnod</span> <span class='ocrx_word' id='word_1_91' title='bbox 863 2385 988 2452; x_wconf 84' lang='lat' dir='ltr'>statim</span> <span class='ocrx_word' id='word_1_92' title='bbox 1016 2402 1100 2476; x_wconf 90' lang='lat' dir='ltr'>post</span> <span class='ocrx_word' id='word_1_93' title='bbox 1116 2385 1325 2453; x_wconf 82' lang='lat' dir='ltr'>transitum</span> <span class='ocrx_word' id='word_1_94' title='bbox 1353 2407 1477 2452; x_wconf 85' lang='lat' dir='ltr'>meum</span> <span class='ocrx_word' id='word_1_95' title='bbox 1496 2383 1608 2450; x_wconf 87' lang='lat' dir='ltr'>heres</span> <span class='ocrx_word' id='word_1_96' title='bbox 1629 2401 1734 2448; x_wconf 89' lang='lat' dir='ltr'>mens</span> 
     </span>
     <span class='ocr_line' id='line_1_16' title="bbox 741 2497 1740 2598; baseline -0.004 -28"><span class='ocrx_word' id='word_1_97' title='bbox 741 2502 879 2573; x_wconf 87' lang='lat' dir='ltr'>scrihst</span> <span class='ocrx_word' id='word_1_98' title='bbox 896 2526 1009 2598; x_wconf 88' lang='lat' dir='ltr'>super</span> <span class='ocrx_word' id='word_1_99' title='bbox 1024 2504 1095 2572; x_wconf 93' lang='lat' dir='ltr'>hoc</span> <span class='ocrx_word' id='word_1_100' title='bbox 1112 2503 1224 2574; x_wconf 76' lang='lat' dir='ltr'>fratri</span> <span class='ocrx_word' id='word_1_101' title='bbox 1242 2503 1413 2573; x_wconf 76' lang='lat' dir='ltr'>cerardo</span> <span class='ocrx_word' id='word_1_102' title='bbox 1427 2502 1647 2579; x_wconf 85' lang='lat' dir='ltr'>Petrsrcho,</span> <span class='ocrx_word' id='word_1_103' title='bbox 1663 2497 1740 2566; x_wconf 91' lang='lat' dir='ltr'>Mo·</span> 
     </span>
     <span class='ocr_line' id='line_1_17' title="bbox 741 2611 1738 2722; baseline -0.006 -29"><span class='ocrx_word' id='word_1_104' title='bbox 741 2649 831 2694; x_wconf 77' lang='lat' dir='ltr'>nato</span> <span class='ocrx_word' id='word_1_105' title='bbox 845 2611 1124 2706; x_wconf 79' lang='lat' dir='ltr'>Carthusieusi,</span> <span class='ocrx_word' id='word_1_106' title='bbox 1140 2649 1315 2722; x_wconf 80' lang='lat' dir='ltr'>germano</span> <span class='ocrx_word' id='word_1_107' title='bbox 1331 2625 1515 2716; x_wconf 89' lang='lat' dir='ltr'>meo‚-qni</span> <span class='ocrx_word' id='word_1_108' title='bbox 1530 2640 1585 2691; x_wconf 88' lang='lat' dir='ltr'>est</span> <span class='ocrx_word' id='word_1_109' title='bbox 1599 2622 1640 2689; x_wconf 92' lang='lat' dir='ltr'>in</span> <span class='ocrx_word' id='word_1_110' title='bbox 1653 2643 1738 2688; x_wconf 88' lang='lat' dir='ltr'>con·</span> 
     </span>
     <span class='ocr_line' id='line_1_18' title="bbox 741 2738 1737 2840; baseline -0.009 -26"><span class='ocrx_word' id='word_1_111' title='bbox 741 2763 860 2815; x_wconf 78' lang='lat' dir='ltr'>ventu</span> <span class='ocrx_word' id='word_1_112' title='bbox 876 2746 921 2816; x_wconf 87' lang='lat' dir='ltr'>de</span> <span class='ocrx_word' id='word_1_113' title='bbox 942 2745 1132 2816; x_wconf 87' lang='lat' dir='ltr'>Maternio</span> <span class='ocrx_word' id='word_1_114' title='bbox 1150 2770 1267 2840; x_wconf 87' lang='lat' dir='ltr'>prope</span> <span class='ocrx_word' id='word_1_115' title='bbox 1283 2745 1506 2823; x_wconf 80' lang='lat' dir='ltr'>Massiliam,</span> <span class='ocrx_word' id='word_1_116' title='bbox 1521 2760 1564 2811; x_wconf 91' lang='lat' dir='ltr'>nt</span> <span class='ocrx_word' id='word_1_117' title='bbox 1579 2741 1641 2808; x_wconf 83' lang='lat' dir='ltr'>det</span> <span class='ocrx_word' id='word_1_118' title='bbox 1663 2738 1737 2807; x_wconf 91' lang='lat' dir='ltr'>sibi</span> 
     </span>
     <span class='ocr_line' id='line_1_19' title="bbox 743 2861 1738 2962; baseline -0.013 -24"><span class='ocrx_word' id='word_1_119' title='bbox 743 2869 952 2962; x_wconf 82' lang='lat' dir='ltr'>optionem,</span> <span class='ocrx_word' id='word_1_120' title='bbox 968 2887 1099 2936; x_wconf 86' lang='lat' dir='ltr'>utrum</span> <span class='ocrx_word' id='word_1_121' title='bbox 1112 2869 1208 2938; x_wconf 80' lang='lat' dir='ltr'>velit</span> <span class='ocrx_word' id='word_1_122' title='bbox 1223 2885 1375 2936; x_wconf 85' lang='lat' dir='ltr'>centum</span> <span class='ocrx_word' id='word_1_123' title='bbox 1390 2866 1549 2934; x_wconf 83' lang='lat' dir='ltr'>florenos</span> <span class='ocrx_word' id='word_1_124' title='bbox 1565 2861 1668 2940; x_wconf 85' lang='lat' dir='ltr'>auri,</span> <span class='ocrx_word' id='word_1_125' title='bbox 1690 2883 1738 2928; x_wconf 82' lang='lat' dir='ltr'>an</span> 
     </span>
    </p>
   </div>
   <div class='ocr_carea' id='block_1_3' title="bbox 743 2979 1743 3567">
    <p class='ocr_par' dir='ltr' id='par_1_3' title="bbox 743 2979 1737 3204">
     <span class='ocr_line' id='line_1_20' title="bbox 743 2979 1737 3085; baseline -0.012 -27"><span class='ocrx_word' id='word_1_126' title='bbox 743 2991 903 3085; x_wconf 81' lang='lat' dir='ltr'>singulis</span> <span class='ocrx_word' id='word_1_127' title='bbox 933 2989 1041 3058; x_wconf 81' lang='lat' dir='ltr'>annis</span> <span class='ocrx_word' id='word_1_128' title='bbox 1063 2986 1256 3082; x_wconf 75' lang='lat' dir='ltr'>quinque,</span> <span class='ocrx_word' id='word_1_129' title='bbox 1281 2989 1344 3058; x_wconf 91' lang='lat' dir='ltr'>vel</span> <span class='ocrx_word' id='word_1_130' title='bbox 1371 2986 1517 3064; x_wconf 87' lang='lat' dir='ltr'>decem,</span> <span class='ocrx_word' id='word_1_131' title='bbox 1544 2979 1737 3050; x_wconf 77' lang='lat' dir='ltr'>sicuttibi</span> 
     </span>
     <span class='ocr_line' id='line_1_21' title="bbox 743 3103 1694 3204; baseline -0.014 -25"><span class='ocrx_word' id='word_1_132' title='bbox 743 3113 907 3204; x_wconf 83' lang='lat' dir='ltr'>placeat.</span> <span class='ocrx_word' id='word_1_133' title='bbox 928 3109 992 3186; x_wconf 87' lang='lat' dir='ltr'>Et,</span> <span class='ocrx_word' id='word_1_134' title='bbox 1014 3109 1118 3200; x_wconf 91' lang='lat' dir='ltr'>qnod</span> <span class='ocrx_word' id='word_1_135' title='bbox 1141 3111 1222 3201; x_wconf 87' lang='lat' dir='ltr'>ipse</span> <span class='ocrx_word' id='word_1_136' title='bbox 1244 3107 1421 3203; x_wconf 81' lang='lat' dir='ltr'>elegerit,</span> <span class='ocrx_word' id='word_1_137' title='bbox 1444 3103 1542 3174; x_wconf 88' lang='lat' dir='ltr'>illud</span> <span class='ocrx_word' id='word_1_138' title='bbox 1563 3103 1694 3172; x_wconf 78' lang='lat' dir='ltr'>facist.</span> 
     </span>
    </p>

    <p class='ocr_par' dir='ltr' id='par_1_4' title="bbox 745 3224 1743 3567">
     <span class='ocr_line' id='line_1_22' title="bbox 815 3224 1743 3324; baseline -0.011 -26"><span class='ocrx_word' id='word_1_139' title='bbox 815 3230 889 3324; x_wconf 78' lang='lat' dir='ltr'>Ego</span> <span class='ocrx_word' id='word_1_140' title='bbox 910 3227 1131 3298; x_wconf 75' lang='lat' dir='ltr'>franciscus</span> <span class='ocrx_word' id='word_1_141' title='bbox 1152 3228 1356 3298; x_wconf 79' lang='lat' dir='ltr'>Petrarcha</span> <span class='ocrx_word' id='word_1_142' title='bbox 1375 3227 1528 3318; x_wconf 88' lang='lat' dir='ltr'>scripsi:</span> <span class='ocrx_word' id='word_1_143' title='bbox 1544 3224 1613 3316; x_wconf 88' lang='lat' dir='ltr'>qui</span> <span class='ocrx_word' id='word_1_144' title='bbox 1633 3238 1743 3289; x_wconf 81' lang='lat' dir='ltr'>testa·</span> 
     </span>
     <span class='ocr_line' id='line_1_23' title="bbox 745 3341 1742 3430; baseline -0.013 -10"><span class='ocrx_word' id='word_1_145' title='bbox 745 3370 913 3420; x_wconf 86' lang='lat' dir='ltr'>mentum</span> <span class='ocrx_word' id='word_1_146' title='bbox 934 3349 1040 3419; x_wconf 76' lang='lat' dir='ltr'>alind</span> <span class='ocrx_word' id='word_1_147' title='bbox 1060 3348 1251 3430; x_wconf 80' lang='lat' dir='ltr'>fecissem,</span> <span class='ocrx_word' id='word_1_148' title='bbox 1273 3351 1304 3417; x_wconf 90' lang='lat' dir='ltr'>si</span> <span class='ocrx_word' id='word_1_149' title='bbox 1326 3371 1443 3418; x_wconf 89' lang='lat' dir='ltr'>essem</span> <span class='ocrx_word' id='word_1_150' title='bbox 1458 3347 1584 3424; x_wconf 85' lang='lat' dir='ltr'>dives,</span> <span class='ocrx_word' id='word_1_151' title='bbox 1601 3359 1643 3412; x_wconf 88' lang='lat' dir='ltr'>nt</span> <span class='ocrx_word' id='word_1_152' title='bbox 1659 3341 1742 3410; x_wconf 88' lang='lat' dir='ltr'>vnl-</span> 
     </span>
     <span class='ocr_line' id='line_1_24' title="bbox 748 3474 1156 3567; baseline -0.012 -26"><span class='ocrx_word' id='word_1_153' title='bbox 748 3496 815 3567; x_wconf 81' lang='lat' dir='ltr'>gns</span> <span class='ocrx_word' id='word_1_154' title='bbox 837 3474 1011 3542; x_wconf 83' lang='lat' dir='ltr'>insanum</span> <span class='ocrx_word' id='word_1_155' title='bbox 1030 3488 1156 3564; x_wconf 84' lang='lat' dir='ltr'>putat.</span> 
     </span>
    </p>
   </div>
   <div class='ocr_carea' id='block_1_4' title="bbox 0 0 2119 5796">
    <p class='ocr_par' dir='ltr' id='par_1_5' title="bbox 0 0 2119 5796">
     <span class='ocr_line' id='line_1_25' title="bbox 0 0 2119 5796; baseline 0 0"><span class='ocrx_word' id='word_1_156' title='bbox 0 0 2119 5796; x_wconf 95' lang='lat' dir='ltr'> </span> 
     </span>
    </p>
   </div>
  </div>
 </body>
</html>
