4254 5824
778 828 923 922 beret,
942 824 1058 933 quod
1083 825 1334 908 levitatibus
1351 855 1435 908 non
1458 827 1591 908 solum
1618 852 1773 914 amato·
1862 829 1864 834 ’

777 977 850 1053 riis
865 975 1040 1052 nimium
1061 972 1161 1070 diu,
1180 976 1441 1084 nimiumque
1461 978 1682 1058 immodice
1703 981 1771 1060 de·

780 1122 896 1202 ditus
924 1121 1090 1216 fuisset,
1111 1121 1182 1200 scd
1208 1124 1335 1202 etiam
1358 1123 1477 1229 quod
1501 1125 1774 1206 incontinen-

778 1270 865 1348 tiae
895 1269 1089 1349 sordibus
1119 1298 1159 1348 sc
1189 1272 1473 1377 inquinasset.
1506 1270 1611 1352 Sunt
1644 1301 1772 1381 quae-

775 1415 871 1494 dam
890 1417 1017 1510 vitia,
1039 1437 1146 1523 puta
1170 1417 1528 1526 invidia‚quibus
1547 1419 1771 1528 reprehen-

774 1564 854 1641 sori
875 1591 949 1641 suo
974 1591 1015 1641 se
1033 1565 1203 1643 minime
1223 1565 1429 1646 infectum
1452 1594 1537 1646 esse
1558 1565 1771 1646 confiden-

778 1729 842 1788 ter
869 1709 1068 1806 affirmat,
1088 1711 1294 1818 quaedam
1323 1736 1487 1807 autem,
1506 1714 1663 1820 quibus
1686 1741 1772 1792 me·

775 1855 976 1937 diocriter
1013 1886 1054 1936 se
1090 1861 1231 1969 urgeri
1259 1859 1395 1954 dixit;
1433 1860 1485 1938 de
1510 1859 1640 1938 nullis
1666 1887 1768 1941 vero
1818 1913 1824 1926 ·

773 2005 981 2111 copiosius
1004 2026 1045 2083 et
1066 2007 1300 2114 sapientius
1321 2006 1488 2086 disserit
1507 2035 1635 2113 quam
1660 2008 1713 2086 dc
1733 2035 1772 2086 a·

773 2178 886 2228 more
905 2172 947 2232 et
967 2151 1126 2262 gloriae
1146 2153 1405 2260 cupiditate,
1424 2153 1539 2260 quod
1557 2152 1662 2234 haec
1681 2181 1722 2233 se
1743 2183 1766 2232 a

774 2319 931 2377 natura
948 2295 1169 2393 habuisse,
1183 2320 1224 2377 et
1247 2300 1374 2379 etiam
1387 2299 1536 2379 studio
1557 2319 1687 2406 atque
1707 2327 1770 2378 ar·

773 2443 903 2524 tificio
923 2420 1108 2552 quodam
1128 2443 1317 2524 malitiae
1336 2473 1378 2523 se
1405 2445 1556 2524 aluisse
1582 2447 1766 2557 ingenue

771 2611 813 2672 ct
838 2619 921 2669 non
948 2593 1036 2670 sine
1055 2591 1217 2700 pudore
1237 2591 1424 2686 fatetur,
1442 2593 1514 2674 vix
1532 2613 1581 2672 ut
1600 2591 1690 2672 ulla
1711 2592 1764 2671 ad

772 2739 1071 2849 ignoscendum
1084 2738 1176 2817 dari
1190 2765 1308 2848 posse
1322 2741 1448 2818 venia
1458 2739 1666 2820 videatur.
1679 2739 1766 2818 Hos

774 2913 868 2964 cum
885 2885 996 2996 leges
1009 2884 1211 2998 Dialogos
1225 2884 1276 2964 dc
1291 2905 1524 2997 contemptu
1539 2881 1683 2966 mundi
1697 2886 1766 2968 vel

768 3028 819 3109 de
846 3051 998 3110 secreto
1025 3030 1228 3143 conflictu
1258 3061 1450 3114 curarum
1480 3061 1651 3116 suorum
1679 3027 1764 3144 (sic

774 3179 885 3258 enim
903 3175 1332 3293 inscribuntur),qui
1352 3185 1462 3262 omni
1481 3211 1532 3260 ex
1549 3203 1671 3290 parte
1683 3183 1763 3260 vir·

743 3380 746 3386 -
771 3344 907 3405 tutem
927 3326 1070 3424 olent,
1089 3327 1257 3408 facilem
1283 3329 1457 3436 quidem
1475 3351 1518 3410 te
1539 3321 1765 3438 praebebis

771 3472 824 3551 ad
851 3473 1121 3552 tribuendam
1145 3503 1230 3554 non
1267 3476 1388 3555 modo
1423 3474 1760 3585 indulgentiam,

770 3622 841 3700 sed
859 3623 986 3702 etiam
1004 3621 1172 3704 laudem
1186 3621 1550 3730 Petrarchae,qui
1563 3624 1671 3702 vitia
1687 3647 1762 3700 sua

770 3767 909 3877 palam
929 3769 1067 3849 facere
1086 3773 1257 3850 minime
1277 3772 1520 3866 dubitavit,
1537 3772 1698 3880 quique
1719 3797 1764 3848 o-

768 3943 882 3994 mnes
900 3920 1112 4023 quaesivit
1134 3921 1223 4000 vias
1248 3920 1302 3998 ad
1321 3919 1421 4016 illa,
1441 3923 1475 3999 si
1496 3917 1584 3998 fieri
1604 3919 1761 4026 potuis·

769 4083 855 4158 set,
874 4066 1078 4146 radicitus
1098 4061 1374 4176 extirpanda.
1401 4065 1452 4146 In
1475 4067 1626 4146 horum
1652 4063 1759 4144 Dia-

767 4207 957 4320 logorum
975 4213 1067 4292 loco
1087 4185 1281 4295 dolenter
1303 4216 1499 4321 queritur
1516 4215 1632 4324 quod
1650 4211 1757 4300 Ave-
