4254 5824
1265 609 1374 708 60.

798 807 881 888 lem
904 837 929 888 a
952 805 1126 889 Graecis
1152 830 1194 891 et
1218 807 1387 892 Latinis
1412 813 1673 922 accepimus,
1698 845 1789 896 ma·-

796 983 925 1068 gnum
948 978 1090 1038 tamen
1111 957 1259 1040 attulit
1282 960 1570 1041 adiumentum
1589 961 1705 1042 illius
1724 993 1790 1042 ae·

733 1215 746 1232 l
800 1105 901 1184 tatis
925 1101 1191 1200 hominibus,
1227 1105 1343 1212 quod
1374 1135 1441 1185 eos
1460 1106 1623 1189 'docuit
1660 1111 1789 1190 animi

796 1253 1048 1350 medicinam
1071 1279 1160 1331 esse
1184 1279 1302 1362 posse
1328 1232 1662 1364 philosophiam,
1682 1257 1790 1336 eius-

795 1428 879 1508 que
923 1402 1220 1480 tractationem
1256 1403 1416 1512 optimo
1452 1425 1495 1484 et
1533 1404 1786 1514 amplissimo

793 1575 964 1656 quoque
991 1547 1274 1659 dignissimam
1299 1577 1406 1629 esse.
1442 1549 1583 1630 Serius
1617 1553 1786 1631 omnino

794 1695 916 1773 illum
942 1695 1149 1776 absolvit:
1181 1723 1278 1776 nam
1302 1717 1531 1776 extremam
1554 1727 1724 1778 manum
1749 1699 1787 1776 i-

792 1843 856 1950 psi
883 1847 1069 1952 posuisse
1087 1845 1261 1926 uidetur
1290 1873 1355 1924 an.
1381 1869 1635 1942 mooouxw,
1654 1873 1788 1951 quan-

792 1991 847 2070 do
883 1989 1012 2071 Azzus
1051 1989 1360 2104 Corregiensis‚
1386 1995 1456 2071 cui
1490 2013 1786 2102 nuncupatur,

791 2167 844 2217 ex
863 2143 1145 2251 prosperrima
1166 2143 1211 2220 in
1239 2139 1457 2222 adversam
1483 2140 1587 2220 adeo
1614 2141 1787 2222 devenit

790 2285 1026 2383 fortunam,
1044 2311 1094 2367 ut
1119 2288 1312 2368 deiectus
1338 2317 1360 2366 e
1385 2287 1556 2367 Parmae
1583 2291 1783 2398 imperio,

789 2434 904 2540 quod
930 2436 1124 2543 privatus
1143 2456 1450 2545 occupaverat,
1471 2436 1524 2514 ab
1545 2437 1687 2514 amicis
1711 2435 1786 2512 de-

788 2602 947 2677 sertus,
982 2579 1079 2660 filiis
1113 2581 1312 2678 orbatus,
1346 2581 1503 2660 morbis
1539 2609 1780 2691 oppressus,

787 2729 860 2807 vix
885 2728 1086 2811 habuerit
1119 2733 1164 2810 in
1195 2725 1414 2811 senectute
1448 2757 1534 2837 quo
1559 2755 1601 2808 se
1627 2748 1784 2808 susten·

788 2895 920 2956 taret.
946 2874 988 2954 Si
1014 2905 1115 2959 vero
1139 2879 1341 2956 memoria
1376 2897 1541 2986 repetes
1569 2903 1696 2984 quarn
1721 2879 1784 2954 in-

786 3017 969 3102 fideliter
994 3025 1084 3132 ipse
1120 3051 1161 3102 se
1193 3026 1365 3134 gesserit
1398 3051 1498 3134 erga
1523 3019 1781 3102 Veronenses

787 3167 1019 3282 Scaligeros
1036 3170 1154 3250 illius
1178 3174 1366 3253 civitatis
1376 3169 1595 3264 dominos,
1610 3169 1782 3276 quibus·

787 3347 872 3428 que
898 3318 1064 3399 artibus
1089 3345 1160 3398 eos
1192 3319 1413 3398 dominatu
1446 3314 1780 3427 spoliaverit,'e't

785 3493 911 3573 quam
951 3467 1137 3574 turpiter
1171 3463 1314 3561 hunc,
1351 3485 1529 3574 accepta
1568 3465 1779 3573 pecunia,

783 3612 1049 3694 transtulerit
1078 3615 1122 3690 in
1142 3611 1347 3692 Obizzum
1368 3609 1606 3691 Atestinum
1628 3607 1779 3688 Ferra-

783 3763 872 3839 riae
895 3755 1206 3855 Marchionem,
1228 3763 1400 3838 minime
1425 3755 1614 3868 effugisse
1638 3783 1780 3834 assen-

783 3908 962 3985 tationis
982 3909 1348 4017 reprehensionem
1369 3903 1451 3988 tibi
1471 3905 1692 3986 videbitur
1708 3902 1778 3980 Pe-

784 4052 977 4150 trarcha,
1003 4057 1121 4164 quod
1146 4047 1267 4135 illum
1292 4054 1486 4135 secundis
1506 4055 1552 4132 in
1576 4043 1778 4130 rebus'u-

781 4229 883 4280 num
909 4229 960 4282 ex
986 4203 1215 4283 fortunatis
1238 4197 1503 4296 hominibus,
1522 4181 1773 4280 in'adversis
