4254 5824
355 837 481 916 nione
509 862 765 947 commorans
789 833 934 914 videre
955 855 1173 946 cogeretur
1192 831 1341 914 alentes

354 987 520 1063 semitas
533 986 765 1094 permixtas
789 979 941 1062 rabidis
967 980 1159 1072 canibus,
1182 979 1343 1062 obscae-

354 1157 430 1210 nas
448 1135 558 1221 sues,
576 1135 825 1213 transversas
844 1129 1015 1241 obliquis
1027 1128 1235 1210 itineribus
1247 1155 1345 1240 qua·

354 1275 519 1388 drigas,
532 1277 713 1358 diuersas
730 1276 939 1360 lominum
956 1273 1343 1389 species,ltarrenda

356 1424 677 1508 mendicantium
695 1427 959 1537 spectacula,
980 1427 1150 1508 divitum
1158 1423 1352 1534 furores,

356 1571 450 1652 illas
475 1577 679 1655 moestitia
708 1573 908 1662 devictas}
942 1571 1012 1654 lios
1036 1572 1194 1686 gaudia
1219 1572 1349 1652 lasei-

354 1705 500 1828 eiaque
513 1717 1064 1828 fluitantes,disaardantes
1087 1723 1349 1808 animas,ra-

357 1867 577 1946 rias-artes
590 1871 605 1954 ,'
632 1863 830 1975 confusis
852 1863 1008 1946 vocibus
1044 1864 1288 1954 clamarem,
1310 1883 1350 1943 et

347 2013 505 2123 papuli
528 2015 640 2094 inter
663 2042 705 2094 se
730 2015 960 2094 anxietatis
987 2015 1216 2101 incursum,
1238 2042 1350 2119 quae

353 2164 494 2242 amnia
515 2162 827 2270 tranquillitati
858 2161 985 2240 animi
1008 2161 1244 2268 studiisque
1267 2162 1350 2240 suis

353 2311 535 2390 maxima
553 2309 854 2419 impedimenta
867 2307 1239 2390 inferre'dixit.·Ea
1254 2335 1351 2417 pro·

352 2474 447 2563 pter
466 2481 589 2565 saepe
617 2457 670 2535 ad
691 2454 855 2536 Vallem
881 2483 997 2536 suam
1022 2454 1218 2536 Clausam
1238 2454 1346 2536 redi-

352 2600 452 2696 bat,
476 2631 633 2682 memor
658 2602 775 2684 illius
799 2601 1024 2682 Horatiani
1051 2601 1252 2685 versiculi

429 2743 686 2860 Scriptorum
712 2745 859 2830 chorus
887 2751 1019 2830 amnis
1040 2755 1153 2830 arriat
1175 2775 1314 2828 nemus

526 2915 564 2974 et
582 2893 705 3007 fugit
730 2894 872 2984 urbes,

351 3043 522 3122 et'tum
557 3071 666 3124 novo
708 3045 937 3124 tenebatur
974 3043 1138 3137 studio,
1177 3070 1270 3122 cum
1308 3053 1351 3120 s'e

352 3185 518 3270 Graeca
557 3191 601 3270 in
638 3189 786 3302 lingua
822 3191 1130 3272 instituendum
1167 3189 1349 3270 dedisset

353 3334 574 3417 Barlaamo
597 3337 820 3418 Basiliensi
846 3337 1076 3434 Maratha,
1094 3339 1169 3444 qui
1193 3335 1351 3447 Byzan·

351 3487 403 3565 tii
428 3485 572 3566 multis
596 3487 781 3566 iactatus
803 3484 1127 3593 tempestatibus
1147 3506 1236 3563 turn
1260 3509 1350 3590 por-

351 3652 444 3711 tum
467 3635 512 3712 in
535 3631 756 3714 Pontificia
779 3633 877 3712 aula
898 3633 1186 3739 quaesiverat.
1218 3627 1347 3728 Quasi

353 3777 601 3858 diuturnam
637 3785 749 3862 sitim
784 3779 954 3890 explere
984 3799 1158 3888 cuperet
1177 3836 1188 3872 ‚
1227 3774 1348 3856 avide

354 3927 536 4034 arripuit
569 3927 758 4040 linguam
784 3928 924 4022 illam,
945 3932 1034 4007 'non
1073 3926 1178 4005 adeo
1211 3945 1350 4004 tamen

351 4075 398 4152 in
426 4071 501 4152 illa
535 4077 763 4183 processit,
788 4074 1142 4182 quemadmodum
1176 4097 1227 4148 ex
1259 4072 1349 4176 ipso

354 4241 614 4331 compertum
631 4219 852 4316 habemus,
865 4243 914 4324 ut
933 4225 1057 4300 miras
1075 4216 1248 4296 Homeri
1261 4213 1351 4323 pul-
