4260 5826
787 663 902 756 141

352 847 529 926 tissimos
556 863 685 951 atque
711 839 987 922 sanctissimos
1014 835 1261 920 Catholicae
1282 869 1344 920 re-

353 992 522 1103 ligionis
546 993 763 1102 magistros
789 1009 1106 1070 contemnerent
1133 1009 1262 1096 atque
1287 990 1345 1067 ir-

352 1138 566 1234 riderent,
594 1140 638 1216 in
671 1164 775 1244 quos
802 1163 897 1215 cum
921 1135 1159 1228 incidisset,
1187 1139 1341 1216 exarsit

351 1286 575 1366 iracundia
591 1305 633 1366 et
653 1283 938 1378 stomacho,et
958 1284 1014 1362 ad·
1031 1310 1099 1362 eos
1118 1311 1345 1394 coarguen-

353 1433 428 1512 dos
453 1433 621 1514 librum.
634 1433 824 1510 exaravit
851 1427 902 1508 de
926 1432 988 1508 sui
1014 1431 1146 1540 ipsius
1173 1448 1212 1506 et
1236 1428 1347 1508 rnul-

349 1600 480 1658 torum
505 1581 759 1689 ignorantia.
787 1575 877 1656 Hoc
898 1579 943 1656 in
961 1575 1053 1656 loco
1075 1599 1222 1658 narrat
1241 1604 1345 1683 qua-

354 1749 452 1806 tuor
477 1727 724 1834 praesertim
757 1753 809 1802 ex
835 1722 1005 1802 illorum
1038 1751 1212 1803 numero
1236 1726 1350 1805 exti-

354 1875 453 1954 tisse
467 1897 608 1952 secum
620 1872 913 1953 familiaritate
927 1867 1344 1979 coniunctos(¹),qui

354 2021 408 2100 ad
426 2049 492 2113 se,
514 2021 613 2099 dum
630 2017 822 2100 Venetiis
841 2039 953 2114 erat,
973 2020 1117 2100 venire
1138 2018 1347 2112 solebant,

352 2169 515 2274 quique
543 2185 765 2274 postquam
796 2165 938 2244 multis
965 2162 1127 2244 habitis
1152 2166 1373 2274 disputa-.

352 2313 569 2409 tionibus,
595 2333 840 2408 senserunt,
860 2311 979 2391 nullo
1004 2309 1095 2390 fieri
1120 2339 1239 2422 posse
1265 2341 1352 2392 mo-

352 2459 431 2555 do,
460 2483 509 2540 ut
535 2464 625 2568 ipse
651 2487 796 2538 eorum
823 2462 1045 2539 sententiis
1075 2459 1349 2540 adhaeresce-

351 2627 435 2702 ret,
458 2625 678 2713 rectosque
705 2607 758 2686 de
784 2607 994 2717 religione
1020 2635 1162 2688 sensus
1186 2609 1350 2688 desere-

350 2775 434 2848 ret,
453 2753 563 2834 hanc
582 2783 659 2864 pro
677 2755 885 2836 tribunali
906 2759 1239 2865 pronuntiarunt
1260 2784 1348 2837 sen-

351 2905 549 2998 tentiam,
570 2905 858 3012 ipsumvirum
877 2903 1034 2982 bonum
1054 2933 1164 3000 esse,
1186 2905 1256 2984 sed
1276 2905 1348 2986 lit-

349 3070 535 3128 terarum
573 3061 811 3160 expertem.
850 3051 975 3131 Illum
1009 3081 1104 3132 cum
1140 3053 1253 3164 leges
1291 3052 1348 3131 li-

350 3194 493 3291 brum,
511 3197 677 3279 dolebis
699 3199 891 3309 profecto
915 3230 1002 3279 non
1026 3203 1180 3282 nostris
1201 3197 1363 3296 modo,

350 3343 422 3422 sed
448 3347 666 3426 veteribus
692 3350 820 3427 etiarn
845 3350 1107 3457 temporibus
1132 3349 1345 3442 extitisse,

349 3492 382 3568 si
401 3496 563 3602 superis
586 3492 750 3603 placet,
769 3492 1064 3604 philosophae,
1082 3497 1160 3604 qui
1185 3493 1343 3572 bellum

346 3735 385 3756 00
389 3733 995 3766 ΝΜΟ
998 3740 1345 3764 mmm

404 3845 449 3922 (1)
467 3853 517 3905 Ex
532 3858 770 3933 manuscripto
784 3857 893 3916 codice
910 3863 1050 3916 Venetae
1060 3857 1281 3918 Bibliothecae
1293 3866 1346 3916 SS.

349 3951 486 4006 loannis
503 3965 533 4007 et
544 3955 657 4012 Paulli
673 3955 728 4014 lios
737 3957 845 4034 fuisse
861 3965 979 4019 scimus
994 3962 1199 4020 Leonardum
1215 3966 1350 4022 Dando-

348 4051 396 4119 lo,
418 4049 572 4109 Thomam
591 4057 781 4131 Talentum,
799 4063 998 4122 Zachariam
1016 4071 1230 4124 cantoranum
1253 4074 1350 4126 Vene-

349 4163 416 4224 tos,
433 4167 464 4210 et
480 4156 659 4216 (luidonem
667 4159 707 4217 de
719 4165 1055 4241 BagnoloMeclicum,
1072 4173 1124 4228 cul
1141 4172 1273 4248 Regium
1290 4175 1347 4228 Le·

345 4259 416 4334 plat
432 4263 548 4338 patria
563 4277 652 4320 erat.
