4260 5826
1207 650 1321 737 152

767 857 839 908 nes
865 858 887 906 e
914 829 1099 908 tenebris
1125 831 1170 910 in
1197 829 1335 910 lucem
1361 831 1591 912 vocandos.
1617 827 1760 937 Atque

766 975 812 1054 hi
838 976 1003 1057 labores
1029 981 1247 1085 omnisque
1272 981 1362 1058 eius
1386 981 1499 1059 vitae
1530 980 1640 1059 ratio
1665 1007 1759 1058 cum

767 1125 969 1206 latissime
987 1127 1239 1208 dimanasset
1262 1129 1316 1206 ad
1336 1125 1761 1209 aestimationemho-

765 1275 923 1352 minum
959 1273 1119 1354 iudicio
1152 1298 1194 1355 et
1227 1275 1588 1355 commendatione
1616 1303 1761 1392 eorum

766 1423 842 1526 qui
885 1425 1162 1530 sapientiores
1195 1422 1493 1518 habebantur,
1528 1423 1759 1530 plurimum

688 1653 693 1662 ,
766 1567 1071 1669 consulebatur
1089 1570 1140 1649 de
1160 1569 1339 1665 litteris,
1362 1571 1415 1650 de
1442 1569 1688 1678 republica,
1708 1569 1761 1648 de

767 1718 881 1794 omni
902 1715 1056 1813 officio,
1075 1745 1247 1797 munere
1274 1741 1404 1826 atque
1429 1745 1578 1826 opere,
1600 1719 1762 1795 cuncti-

765 1889 850 1968 que
875 1867 966 1942 eius
993 1866 1277 1973 exquirebant
1305 1865 1555 1944 amicitiam.
1583 1862 1762 1942 Minime

766 2009 1017 2108 defuerunt,
1035 2016 1113 2120 qui
1134 2016 1224 2092 eius
1248 2014 1448 2092 noscendi
1474 2033 1517 2090 et
1544 2011 1762 2118 alloquen-

766 2156 811 2236 di
837 2185 983 2238 caussa
1001 2159 1127 2272 longa
1146 2179 1419 2268 susceperunt
1441 2154 1675 2252 itinera(¹),
1694 2155 1763 2238 vel

766 2307 881 2414 ipsae
907 2307 1086 2388 seminas
1122 2309 1381 2387 carminibus
1405 2306 1527 2386 illum
1553 2332 1767 2415 provnsads

766 2450 948 2550 bant(²)‚
968 2455 1306 2562 insistebantque
1329 2457 1571 2562 importune
1593 2473 1766 2560 poetae,-

766 2604 844 2708 qui
871 2628 965 2695 sua,
986 2601 1054 2681 vel
1074 2601 1212 2681 aliena
1239 2606 1426 2680 carmina
1444 2603 1489 2680 in
1515 2593 1622 2679 aulis
1648 2597 1766 2677 Prin·

681 2815 685 2826 .
767 2751 910 2857 cipum
943 2749 1167 2828 recitando
1195 2751 1327 2829 vitam
1364 2748 1682 2828 sustentabant.
1722 2743 1764 2822 Si

767 2925 843 2976 sna
872 2925 1024 3005 opera,
1054 2925 1182 3004 quam
1209 2897 1369 2977 nemini
1397 2894 1659 3006 denegabat3
1690 2892 1769 2972 ali-v

768 3073 894 3152 quern
914 3071 966 3122 ex
984 3071 1171 3152 paupere
1191 3042 1370 3124 divitem
1390 3043 1550 3122 sactum
1569 3041 1762 3138 vidisset,

765 3287 1762 3310 ”mmmmm

827 3377 872 3454 (ι)
890 3377 1001 3454 Digna
1015 3390 1095 3432 snat
1107 3393 1188 3452 quae
1206 3375 1405 3453 leganturab
1421 3375 1490 3452 ipso
1508 3375 1677 3434 Petrnrcba
1693 3393 1772 3438 aare.

768 3494 838 3536 rata
864 3480 902 3536 de
928 3497 1009 3536 coeco
1036 3477 1173 3555 quodam
1199 3477 1456 3534 Pontremnlensi
1474 3477 1687 3557 prammatico
1709 3475 1770 3554 qni,
1823 3517 1832 3536 .

768 3581 884 3639 multos
895 3581 1014 3638 labores
1022 3621 1032 3650 ,
1042 3582 1206 3658 multaque
1218 3581 1364 3660 pericula
1377 3599 1546 3660 perpessus
1562 3594 1606 3635 est
1614 3618 1624 3646 ,
1640 3594 1677 3633 ut
1695 3597 1767 3633 eum

769 3681 891 3761 alioqui
905 3698 1024 3760 posset.
1041 3690 1112 3741 Sen.
1129 3681 1197 3741 Lib.
1215 3687 1282 3742 XV.
1299 3689 1354 3760 Ep.
1374 3703 1434 3740 vrr.

830 3829 874 3908 (2)
895 3833 944 3885 Ex
959 3829 1008 3884 his
1025 3830 1154 3885 Iustina
1173 3828 1263 3885 Levis
1282 3833 1411 3887 Perotta
1426 3829 1469 3885 ad
1494 3847 1565 3884 etim
1582 3827 1672 3883 misit
1700 3847 1766 3884 car-

769 3930 858 4000 rium,
874 3933 967 3988 cuins
983 3945 1051 3988 erat
1064 3931 1199 3990 initium

869 4023 903 4091 Is
919 4033 1016 4090 correi
1029 4053 1095 4110 pur
1107 4034 1238 4108 driqzar
1250 4049 1355 4114 queste
1368 4033 1431 4090 mie
1443 4035 1569 4110 pirama,

674 4161 678 4168 ·
769 4135 838 4212 ipse
852 4156 925 4194 cero
937 4154 1001 4212 par
1010 4135 1086 4212 pari
1104 4135 1246 4193 reddidit
1261 4137 1320 4194 illo
1336 4137 1496 4202 carmine,
1511 4133 1593 4210 quod
1608 4131 1726 4209 incipit

874 4245 918 4300 La
933 4241 1024 4316 gela,
1038 4240 1087 4298 e'l
1102 4259 1204 4299 sonno
1219 4261 1236 4298 e
1250 4242 1273 4300 l'
1283 4246 1390 4300 ociose
1403 4241 1529 4318 piume.
