4260 5826
1218 641 1328 748 138

774 839 878 916 riam
912 836 1135 944 pervenit,
1170 865 1266 916 cum
1302 839 1345 916 in
1374 865 1544 949 gravem
1572 841 1767 922 morbum

772 982 944 1080 incidit,
963 987 1085 1064 cuius
1103 984 1312 1066 molestias
1332 985 1478 1095 aliqua
1496 1015 1548 1066 ex
1566 1011 1687 1096 parte
1707 991 1766 1070 le-

771 1151 924 1213 varunt
945 1130 1077 1212 officia
1089 1132 1216 1241 plena
1234 1136 1468 1215 suavissimi
1487 1137 1763 1244 studii,quae

769 1281 808 1358 ei
834 1278 1020 1360 Atestini
1046 1279 1264 1388 Principes
1290 1279 1556 1362 tribuerunt.
1584 1280 1665 1362 Vel
1690 1312 1765 1362 an-

768 1445 940 1533 tequam
965 1426 1140 1508 Patavio
1168 1399 1429 1522 discederet,
1455 1451 1641 1510 senserat
1666 1429 1764 1540 plu-

768 1575 918 1654 rimum
941 1573 1190 1655 debilitates
1213 1602 1299 1654 esse
1321 1578 1506 1684 corporis
1525 1578 1656 1673 vires,
1674 1605 1763 1686 qua

769 1749 894 1802 exre
930 1743 1228 1803 testamentum
1257 1725 1531 1832 conseripsit,
1557 1725 1674 1832 quod
1704 1751 1767 1803 es-

767 1891 829 1950 set
849 1871 1025 1978 pietatis
1044 1899 1145 1951 suae
1167 1873 1330 1982 insigne
1349 1893 1687 1953 monumentum.
1705 1871 1767 1950 Eo

771 1997 934 2114 autem,
963 2040 1186 2126 postquam
1213 2020 1461 2116 convaluit,
1487 2049 1581 2101 cum
1611 2022 1765 2100 rediis-

767 2185 853 2259 set,
878 2167 1049 2245 minime
1083 2169 1263 2248 cessavit
1293 2195 1460 2248 monere
1493 2166 1761 2263 Pontificem,

764 2331 813 2391 ut
831 2313 1034 2417 quoniam
1055 2335 1178 2394 tanta
1199 2313 1406 2395 Italorum
1429 2314 1647 2400 declarata
1670 2335 1761 2392 erat
1781 2300 1801 2334 ⁸

768 2455 967 2538 ‚voluntas
991 2461 1035 2538 in
1060 2489 1180 2554 eum,
1206 2487 1259 2538 ne
1295 2463 1519 2540 semoveri
1544 2480 1763 2568 pateretur

763 2605 944 2684 'vocibus
970 2605 1161 2702 illorum,
1180 2609 1255 2713 qui
1274 2633 1463 2687 suasores
1489 2628 1531 2687 et
1558 2607 1763 2717 impulso-

767 2777 831 2830 res
856 2773 1001 2846 erant‚
1026 2773 1074 2833 ut
1093 2749 1281 2832 Galliam
1306 2773 1533 2862 repeteret.
1557 2751 1615 2831 Vt
1641 2751 1762 2832 audi·

762 2897 827 2978 vit
851 2919 991 2980 autem
1011 2901 1156 2980 inanes
1174 2901 1301 2980 fuisse
1329 2900 1645 2981 cohortationes
1664 2925 1758 2977 suas

763 3036 780 3151 (
790 3071 884 3126 nam
904 3048 1034 3127 tertio
1053 3069 1148 3154 post
1171 3075 1282 3128 anno
1303 3075 1430 3156 quam
1449 3050 1494 3126 in
1513 3045 1682 3126 Italiam
1693 3073 1761 3124 ve·

762 3211 910 3286 nerat,
939 3211 1097 3274 aestate
1132 3195 1293 3275 scilicet
1329 3225 1392 3274 an.
1424 3219 1636 3273 uooouxx
1666 3219 1759 3270 eam

643 3362 648 3372 ’
763 3335 987 3450 deseruit),
1005 3345 1258 3453 gravissimis
1273 3343 1415 3422 verbis
1431 3345 1522 3420 eius
1532 3340 1758 3420 discessum
1829 3407 1830 3410 ,

687 3495 689 3500 ’
763 3487 1073 3594 reprehendere
1092 3489 1403 3585 meditabatur,
1422 3489 1539 3598 quod
1558 3489 1758 3566 instituta

762 3633 845 3712 iam
870 3602 1074 3742 epistola,
1100 3666 1153 3714 ne
1178 3657 1437 3746 praestaret,
1462 3664 1571 3716 mors
1596 3635 1698 3714 fecit
1724 3636 1759 3711 i-

764 3783 882 3887 psius
908 3781 1147 3880 Pontifiois‚
1174 3813 1301 3891 quam
1326 3785 1462 3867 obivit
1487 3812 1573 3863 non
1606 3781 1758 3860 multos

761 3951 854 4036 post
895 3927 985 4009 dies
1021 3959 1147 4037 quam
1184 3929 1441 4014 Avenionem
1477 3931 1661 4012 redierat
1688 3924 1752 4006 (¹).

761 4089 1758 4122 mmmm

822 4157 866 4236 (1)
884 4165 923 4218 In
938 4161 1088 4239 apologia
1110 4175 1224 4222 eontra
1240 4163 1327 4222 Galli
1346 4163 1525 4222 calumnias
1544 4165 1595 4220 ait
1610 4178 1643 4219 se
1658 4161 1758 4218 insti·

761 4263 861 4320 tuisse
875 4262 920 4321 od
936 4281 1008 4321 eum
1029 4265 1166 4324 scribere
1175 4305 1186 4337 ,
1203 4269 1428 4346 calamumque
1450 4267 1644 4346 sumpsisse,
1661 4275 1691 4321 et
1706 4261 1757 4318 his
