4254 5824
1250 613 1329 727 48

796 812 1084 922 perrsabantur
1102 813 1244 892 tamen
1264 814 1409 891 summi
1429 809 1592 892 dolores
1612 844 1683 924 spe
1703 821 1787 926 pri·-

792 962 943 1040 stinam
963 958 1206 1041 libertatem
1220 953 1660 1071 tranquillitatemque
1674 993 1797 1045 recu-r

790 1106 993 1216 parandi,
1018 1111 1051 1186 si
1077 1112 1122 1187 in
1147 1131 1340 1220 suscepta
1358 1112 1471 1192 vitae
1496 1113 1661 1193 ratione
1687 1141 1787 1192 con«

793 1275 953 1335 stanter
979 1257 1207 1336 mansisset.
1235 1253 1301 1352 Ab
1331 1255 1411 1336 hac
1438 1257 1492 1336 ad
1517 1285 1672 1368 paucos
1698 1263 1788 1339 dies

792 1437 832 1486 se
848 1403 996 1486 divelli
1014 1431 1158 1513 passus
1173 1425 1234 1484 est
1250 1401 1419 1484 Ioannis
1438 1404 1669 1488 Columnae
1692 1406 1788 1488 Car-

794 1552 949 1634 dinalis
965 1570 1141 1662 rogatu,
1157 1569 1206 1632 ut
1221 1579 1355 1630 comes
1383 1575 1489 1634 esset
1515 1555 1630 1648 vira,
1645 1583 1790 1662 quem-

751 1711 757 1724 '
794 1701 1018 1782 admodum
1042 1699 1164 1782 illum
1189 1701 1447 1810 appellavit,
1465 1698 1669 1809 fortunae
1701 1731 1793 1783 ora·-¹

691 1877 695 1886 ·
791 1851 912 1944 ioris,
936 1875 1059 1958 quam
1076 1848 1356 1960 prudentiae,
1392 1851 1438 1930 in
1470 1853 1645 1946 itinere,
1671 1851 1787 1958 quod
1878 1847 1887 1866 ’

792 1999 1009 2110 religionis
1035 2027 1132 2108 ergo
1161 1997 1314 2078 habuit
1347 1999 1401 2077 ad
1424 1996 1460 2075 S.
1481 1996 1646 2077 Mariae
1672 1991 1794 2107 Μῗεις-Ι

791 2146 968 2260 dalenae
987 2173 1174 2256 specum.
1196 2141 1280 2224 Vix
1300 2171 1341 2223 se
1364 2142 1473 2222 ferre
1499 2146 1685 2253 potuisse
1710 2143 1790 2222 hu·

790 2296 855 2374 ius
881 2296 1045 2375 itineris
1077 2291 1293 2372 fastidium
1323 2289 1570 2371 Cabassolio
1590 2291 1789 2372 >declara-

793 2445 880 2536 vit,
904 2443 1034 2552 idque
1051 2441 1232 2522 hominis
1256 2441 1507 2550 ineptissimi
1528 2469 1691 2536 caussa,
1711 2443 1786 2548 qui

790 2591 915 2670 fuisse
952 2611 1131 2700 putatur
1163 2581 1426 2670 Humbertus
1450 2589 1498 2666 ΙΙ
1535 2587 1788 2668 Viennensis

791 2725 1044 2847 Delphinus.
1068 2737 1174 2818 Cum
1193 2767 1242 2816 eo
1262 2727 1584 2816 familiarissime
1605 2735 1788 2816 Aveuio-

792 2917 844 2967 ne
866 2907 1054 2967 versatus
1079 2886 1240 2980 fuerat,
1260 2887 1378 2965 cuius
1397 2884 1699 2965 familiaritatis
1724 2885 1787 2962 in·

792 3034 949 3113 dicium
974 3063 1060 3115 esse
1086 3055 1260 3142 possunt
1292 3032 1484 3128 litterae,
1508 3033 1665 3140 quibus
1690 3059 1785 3110 eum

791 3168 876 3261 non
901 3180 1033 3260 solum
1067 3199 1237 3290 aperte,
1262 3180 1334 3258 s'ed
1364 3181 1491 3260 etiam
1518 3181 1671 3258 acriter
1701 3196 1787 3256 ruo-³

755 3369 758 3377 ·
791 3331 909 3424 nuit,
933 3357 988 3408 ne
1014 3327 1279 3439 frangeretur
1303 3329 1446 3408 mortis
1466 3315 1707 3420 timore‚et
1731 3357 1783 3406 ne

791 3479 908 3586 turpi
939 3505 987 3555 ac
1013 3473 1129 3556 molli
1154 3478 1243 3556 otio
1270 3475 1527 3570 tabesceret,
1553 3474 1652 3554 dum
1679 3503 1788 3554 com-

791 3627 1022 3734 parabatur
1047 3623 1207 3705 bellum
1224 3595 1371 3704 Gallos
1397 3625 1509 3704 inter
1538 3645 1665 3730 atquc
1693 3621 1786 3702 Bri-

794 3793 943 3851 tannos
958 3767 1024 3848 (¹).
1051 3769 1256 3849 Dimissus
1277 3771 1329 3849 ab
1347 3770 1427 3849 hoc
1446 3772 1574 3850 rediit
1594 3769 1648 3848 ad
1667 3771 1788 3876 quie-

795 3919 847 3996 tis
866 3945 963 3998 suae
981 3939 1167 4029 portum,
1182 3919 1257 3998 ubi
1272 3945 1528 3998 commorans
1548 3933 1715 4026 poterat
1731 3914 1782 3991 de

793 4117 1502 4144 OOOWOONWW
1507 4113 1786 4140 octauo-eeu

864 4207 908 4286 (1)
926 4208 1037 4266 Famil·
1054 4209 1193 4269 1.ib.111.
1210 4215 1265 4288 Ep.
1280 4230 1310 4268 x.
