4254 5824
362 863 569 954 factiones
588 860 962 970 extinguerentur,
976 877 1050 938 aut
1072 855 1270 940 adversae
1291 890 1362 972 op·

366 1013 670 1120 primerentur.
694 1005 847 1117 Neque
865 1007 998 1089 multo
1017 1029 1110 1118 post
1129 1009 1248 1088 exilii
1266 1039 1362 1118 poe·

367 1187 423 1238 na
447 1156 652 1236 liberatus
678 1156 783 1254 fuit,
817 1159 1109 1264 invitatusque
1137 1157 1192 1234 ab
1218 1159 1360 1237 amicis

368 1325 410 1384 et
435 1303 710 1412 propinquis,
729 1321 777 1385 ut
797 1307 843 1384 in
868 1307 1051 1414 patriam
1076 1303 1255 1384 rediret.
1281 1301 1361 1382 Sed

364 1449 466 1530 huic
493 1447 752 1531 Avenionem
776 1450 1001 1546 antetulit,
1020 1451 1136 1560 quod
1163 1450 1361 1534 civilibus

366 1605 565 1690 fluctibns
589 1630 630 1683 se
656 1603 916 1682 committere
951 1597 1130 1710 amplius
1163 1599 1363 1697 nolebat,

367 1781 462 1831 cum
481 1779 567 1832 non
586 1752 715 1860 magis
734 1775 803 1826 eos
829 1749 875 1825 'su
900 1774 976 1824 sua
993 1767 1202 1854 potestate
1221 1749 1364 1828 existi-
1487 1825 1490 1832 ,

367 1921 500 1979 maret
518 1895 629 1990 esse,
648 1895 724 2002 qui
744 1921 785 1972 se
815 1893 867 1971 iis
886 1891 1123 1987 dedissent,
1141 1919 1267 2001 quam
1286 1896 1362 2003 qui

366 2047 585 2127 maritimis
603 2043 890 2134 metarentur,
909 2040 1024 2148 quod
1043 2039 1096 2120 de
1115 2037 1196 2119 fide
1216 2049 1364 2122 etton-

367 2195 524 2274 stautia
551 2217 718 2273 suorum
751 2191 908 2269 civium
941 2185 1184 2283 diffidebam
1223 2191 1362 2296 quod-

366 2371 450 2450 que
474 2371 526 2421 ea
560 2337 758 2451 sperabat
783 2365 808 2415 a
831 2333 1029 2417 Romanis
1064 2335 1361 2433 Pontificibus,

364 2477 509 2595 quiea
528 2491 573 2570 in
594 2489 700 2568 urbe
719 2485 858 2565 sedem
876 2488 1125 2594 posuerant,
1144 2515 1254 2594 quae
1273 2487 1364 2566 fr'u-·

365 2637 452 2717 st'ra
470 2638 524 2715 ab
545 2627 639 2715 aliis
663 2637 923 2742 quaesierat:
950 2659 1045 2712 nam
1070 2631 1272 2742 apud'eos
1291 2661 1362 2742 pa·

365 2811 479 2879 cem,
506 2804 548 2864 et
572 2811 683 2892 quae
708 2775 824 2893 pacis
858 2783 1029 2862 comites
1062 2802 1182 2877 sunt,
1210 2781 1364 2862 libera-

268 2965 275 2982 ·
364 2930 431 3009 les·
454 2951 563 3010 artes
602 2917 877 3042 et'ingcnuas'
908 2925 1155 3038 disciplinas
1187 2927 1361 3010 habita*

364 3105 410 3155 re
445 3074 644 3185 putabat.
682 3073 763 3155 Sed
801 3076 923 3158 brevi
948 3075 1059 3156 vidit
1091 3079 1237 3156 inanes
1272 3104 1358 3156 esse

363 3251 454 3333 spes
495 3225 856 3335 cogitationesque
892 3248 1011 3316 suas,
1047 3252 1179 3330 quare
1215 3224 1357 3303 sedere

365 3371 485 3452 iussit
512 3373 557 3450 in
591 3373 734 3452 vicina
766 3391 808 3452 et
844 3367 897 3449 ab
933 3373 1045 3450 omni
1081 3373 1262 3479 strepitu
1291 3401 1358 3450 re-

363 3539 476 3600 mota
499 3519 605 3598 urbe
633 3517 964 3628 Carpentoracte
991 3519 1210 3627 coniugem
1235 3539 1292 3598 et·
1309 3517 1358 3596 li-

358 3664 496 3759 beros,
515 3691 601 3772 quo
620 3666 665 3744 in
685 3663 777 3743 loco
799 3661 1044 3744 Francisous
1064 3693 1087 3743 a
1107 3661 1353 3746 Convenne-

362 3809 458 3890 volo
484 3809 673 3892 Pratensi
702 3816 1020 3922 grammaticae,
1050 3811 1283 3894 rhetoricae
1314 3835 1355 3892 et

364 3953 612 4034 dialecticae
629 3958 869 4039 rudimenta
887 3963 1065 4068 accepit.
1086 3957 1225 4064 Bonus
1243 3961 1277 4038 is
1287 3955 1358 4038 ha-

363 4101 545 4181 bebatur
564 4106 778 4216 magister,
797 4107 956 4186 nullius
982 4135 1080 4188 vero
1106 4109 1234 4216 pretii
1253 4109 1356 4186 scri-

363 4271 484 4358 ptor,
510 4279 641 4359 quare
668 4251 894 4332 Petraroha
919 4254 1039 4334 illum
1074 4257 1158 4334 coti
1193 4281 1356 4360 compa·
