4254 5824
1237 653 1312 747 70

770 857 848 920 'rae
867 839 1079 918 amicitiae
1099 836 1343 934 difficillime
1362 841 1636 950 reperiuntur
1655 847 1701 958 in
1718 848 1770 926 iis

774 989 851 1095 qui
870 987 916 1066 in
933 985 1164 1069 bonoribus
1183 1011 1316 1094 reque
1336 987 1513 1098 publica
1531 1013 1766 1072 versantur.

774 1132 813 1212 Is
838 1156 1036 1216 nontam
1061 1138 1248 1248 suspexit
1275 1137 1320 1215 in
1345 1135 1575 1218 Petrarcha
1594 1142 1681 1260 yim
1699 1141 1773 1220 do·

773 1287 937 1364 ctrinae
960 1310 1088 1392 quam
1112 1275 1365 1367 suavitatem
1389 1312 1624 1366 sermonum
1642 1309 1772 1398 atque

774 1461 934 1514 morum
944 1461 959 1530 ς
981 1464 1078 1515 nam
1097 1455 1138 1516 et
1164 1438 1253 1546 ipse
1273 1423 1326 1515 ad
1345 1463 1509 1516 omnem
1527 1439 1772 1520 comitatem

774 1584 1113 1692 facilitatemque
1134 1604 1225 1664 erat
1250 1584 1472 1693 proclivis.
1498 1583 1684 1666 Maxime
1704 1615 1774 1669 ve·

773 1763 818 1813 ro
843 1733 985 1815 dolere
1019 1731 1248 1816 videbatur
1278 1731 1395 1841 quod
1415 1763 1490 1844 per
1517 1759 1558 1814 se
1590 1763 1675 1816 non
1700 1763 1769 1814 sa-

774 1885 829 1964 tis
853 1905 1025 1994 gustare
1052 1906 1189 2006 posset
1214 1905 1388 1964 veneres
1423 1883 1602 1964 Italicae
1635 1885 1771 1992 poesis

774 2027 899 2144 (nam
923 2034 1013 2111 eius
1043 2032 1187 2111 studia
1212 2033 1265 2110 ad
1290 2032 1498 2142 politicen
1526 2033 1772 2142 praesertim

774 2200 902 2286 atque
923 2177 976 2258 ad
994 2175 1305 2288 philosophiam
1325 2172 1617 2288 spectarunt),
1634 2202 1770 2287 ,quare

772 2329 829 2406 sic
855 2328 1023 2405 edoceri
1049 2327 1175 2434 petiit
1204 2351 1228 2404 a
1252 2323 1500 2422 Francisco,
1526 2347 1576 2408 ut
1600 2327 1653 2406 de
1680 2329 1770 2408 eius

774 2500 947 2582 quoque
972 2470 1017 2552 in
1040 2473 1121 2552 hoc
1146 2499 1300 2584 genere
1323 2475 1586 2582 praestantia
1611 2473 1772 2554 iudica·

772 2649 817 2700 re
843 2641 999 2730 posset.
1028 2617 1125 2700 Non
1145 2619 1273 2731 plane
1299 2621 1416 2701 rudis
1442 2642 1571 2730 atque
1597 2623 1769 2732 ignarus

772 2789 863 2849 erat
883 2766 1135 2848 Latinarum
1154 2767 1417 2864 litterarum,
1435 2797 1573 2877 eaque
1593 2791 1768 2880 propter

771 2916 1002 3026 plurimum
1030 2915 1268 2996 delectatus
1296 2936 1358 2995 est
1394 2916 1581 2996 lectione
1605 2943 1772 3026 poema-

770 3067 825 3146 tis
852 3063 1038 3160 Africae,
1063 3065 1117 3144 de
1143 3089 1229 3172 quo
1263 3063 1573 3145 admirabiliter
1597 3065 1767 3174 praedi-

772 3217 857 3293 cari
879 3212 1307 3321 audierat,quodque
1325 3211 1406 3290 sibi
1426 3214 1601 3292 inscribi
1622 3215 1767 3321 petiit,

770 3385 995 3474 postquam
1031 3381 1259 3442 extremam
1292 3387 1462 3440 manum
1479 3347 1563 3439 illi
1596 3359 1767 3440 Petrar-

771 3511 850 3592 cha
887 3512 1170 3622 imposuisset.
1204 3505 1302 3588 Non
1332 3508 1415 3606 fuit
1448 3513 1537 3588 sine
1570 3506 1766 3618 lacrymis
1866 3497 1867 3500 ¹

774 3659 951 3752 Poetae,
989 3655 1132 3765 quod,
1169 3655 1273 3763 quas
1309 3655 1429 3736 tanto
1463 3653 1568 3764 Regi
1586 3651 1768 3747 ‘lauden

771 3805 1021 3917 magnificas.
1042 3804 1136 3894 illas
1162 3802 1367 3913 quidam„
1385 3803 1430 3880 in
1456 3823 1642 3882 extremo
1668 3829 1766 3910 poe-

772 3953 894 4032 matis
922 3952 1098 4046 tribuit,
1119 3970 1284 4030 mortuo
1303 3948 1520 4030 tribuerit.
1547 3946 1644 4060 Egit
1663 3973 1763 4028 vero

767 4097 982 4180 Robertus
1007 4099 1163 4211 gratias
1188 4097 1407 4192 fortunae,
1442 4095 1616 4204 quadis
1643 4093 1697 4173 ad
1722 4121 1763 4172 se

772 4247 1020 4355 praesertim
1039 4247 1243 4340 venisset,
1264 4266 1311 4326 ut
1331 4243 1567 4358 periculum
1585 4244 1762 4336 faceret,
