4254 5824
806 636 883 732 45

347 849 445 904 suae
471 815 672 902 iuvenilis
697 816 847 898 aetatis
873 832 1012 894 errata
1037 813 1261 922 patefecit,
1288 836 1336 896 ut

346 974 391 1052 in
416 999 489 1066 eo,
513 989 715 1074 tanquam
750 967 795 1046 in
826 962 1019 1074 speculo,
1044 963 1175 1042 vitam
1200 981 1338 1072 posset

346 1117 505 1198 intueri
529 1116 869 1220 susm‚.eiusque
901 1109 1093 1218 exemplo
1118 1108 1277 1188 bellum
1301 1133 1345 1211 ²².

348 1264 544 1359 terbum,
561 1261 676 1370 quod
701 1259 958 1375 sustinebat,
977 1285 1192 1367 superare.
1213 1257 1279 1338 Ad
1297 1259 1341 1338 id

348 1411 630 1494 obtinendum
646 1411 729 1490 suis
750 1407 905 1488 diffisus
923 1408 1086 1488 viribus
1111 1430 1153 1488 et
1179 1429 1344 1516 pertae-

349 1586 416 1640 sus
440 1561 523 1640 iam
549 1562 821 1669 pessimarum
845 1561 1025 1654 artium,
1044 1585 1149 1666 quas
1177 1556 1345 1638 adhibe·

347 1705 451 1794 hant
483 1709 559 1814 qui
594 1709 639 1788 in
683 1707 790 1786 urbe
823 1705 985 1786 fastidii
1009 1705 1139 1814 plena
1164 1704 1347 1786 velifica-

349 1855 385 1934 ri
409 1855 642 1938 honoribus
660 1855 861 1938 volebant
880 1855 964 1934 suis
979 1851 1040 1950 (¹),
1058 1853 1122 1933 nil
1145 1876 1233 1934 tam
1251 1883 1348 1934 con·

349 2005 505 2086 ducere
529 2031 647 2114 posse
674 2005 870 2114 putavit,
895 2030 1023 2111 quam
1051 2001 1346 2099 solitudinem,

349 2173 392 2234 et
415 2149 525 2232 hanc
554 2149 638 2230 loci
676 2152 930 2232 amoenitate
964 2172 1112 2260 captus
1137 2152 1348 2258 quaesivit

350 2328 401 2380 ee
425 2302 469 2380 in
495 2299 730 2396 valle‚'cui
755 2301 946 2380 imminet
971 2296 1182 2378 Ventosus
1207 2301 1347 2394 m'ons3

351 2474 546 2554 quaeque
560 2443 716 2526 Clausa
734 2445 1249 2556 appellatur‚quindecim
1262 2445 1351 2526 mil·

351 2591 410 2670 lia
445 2620 651 2702 passuum
679 2593 732 2672 ab
767 2589 987 2676 Avenione
1027 2594 1225 2674 distanti.
1262 2592 1347 2689 Eo,

352 2762 544 2848 coempto
585 2740 721 2852 agello
762 2761 806 2821 et
840 2739 1059 2836 aedicula,
1092 2769 1187 2820 cum
1227 2739 1348 2820 libris

351 2889 434 2968 suis
453 2913 495 2966 se
514 2887 716 2984 «intulit,
735 2887 888 2970 solatia
907 2911 1037 2997 atque
1058 2889 1243 2972 fomenta
1262 2915 1350 2999 spe·

353 3061 448 3114 rans
482 3059 734 3116 summorum
769 3035 981 3118 dolorum.
1018 3035 1169 3133 Abies,
1203 3037 1349 3148 fagus,

352 3181 501 3289 pinus,
517 3182 669 3262 viridis
693 3181 848 3280 herba,
868 3184 1065 3266 salientes
1091 3206 1133 3267 et
1159 3212 1349 3294 spuman-

351 3347 413 3408 tes
433 3357 721 3446 aquae,quae
738 3359 790 3412 ex
810 3333 952 3414 vicino
972 3331 1089 3414 fonte
1107 3329 1258 3443 Sorgia
1276 3331 1348 3411 ssu-

353 3583 1348 3612 WOMWNJWW

392 3698 438 3776 (1)
455 3709 546 3760 Artes
561 3701 717 3773 deerant,
732 3703 853 3780 quibus
873 3703 968 3764 hodie
983 3707 1176 3782 praesertim
1199 3705 1239 3767 nd
1262 3705 1345 3766 altos

353 3809 471 3884 gradus
481 3811 681 3878 ascenditun
692 3809 857 3870 ambiendi
873 3809 995 3868 scilicet
1007 3827 1197 3884 magnorum
1214 3807 1348 3878 limina,

356 3909 576 3980 blandiendi„
591 3913 829 3989 promittendi,
861 3911 1065 3979 mentiendi,
1089 3909 1267 3970 simulandi
1287 3921 1348 3968 ets.

359 4018 391 4070 E.
406 4016 437 4070 B.
449 4033 481 4092 p.
492 4013 562 4086 345.
577 4019 614 4070 In
631 4017 737 4093 Epist.
754 4015 795 4072 ad
810 4014 959 4091 posterit.
969 4012 1016 4068 eit
1032 4031 1065 4071 se
1080 4018 1180 4071 Roma
1196 4027 1349 4072 reversum

350 4113 438 4189 ferre
462 4117 595 4174 minime
619 4120 765 4194 petuisse
787 4115 1042 4174 taediosissimae
1064 4115 1155 4174 urbis
1180 4114 1348 4172 fastidium

357 4231 454 4296 atque
469 4217 599 4287 odium,
614 4231 712 4294 atque
727 4217 848 4276 idcirco
863 4217 1071 4277 solitudinem
1086 4219 1282 4295 quaesiisse.
