4180 5796
738 851 869 932 omnis
895 849 1156 957 posteritatis
1181 844 1419 928 commodo?
1444 847 1483 928 ls
1508 875 1583 928 sua
1601 877 1729 931 manu

611 1087 616 1100 ,
736 1022 872 1082 totum
891 999 1116 1106 exscripsit
1129 995 1639 1106 Terentium,omnesque
1661 995 1728 1078 Ci-

736 1150 898 1228 ceronis
924 1146 1124 1256 epistolas
1149 1168 1278 1254 atque
1305 1149 1540 1241 orationes,
1559 1145 1734 1231 haam·

731 1323 815 1402 que
841 1295 1064 1376 nonnullas
1086 1316 1175 1376 tum
1201 1323 1275 1376 sua
1301 1315 1474 1404 sponte,
1493 1313 1584 1374 tum
1602 1321 1727 1374 suasu

732 1439 889 1522 Summi
925 1441 1140 1522 Pontificis
1176 1440 1408 1523 Clementis
1433 1440 1494 1522 VI
1526 1441 1729 1521 brevibus

729 1593 1040 1671 commentariis
1077 1591 1310 1672 illustravit
1335 1585 1408 1669 (¹).
1453 1586 1579 1669 Hunc
1616 1591 1729 1668 enim

730 1743 983 1848 praesertim
1004 1740 1315 1834 admirabatur,
1336 1760 1469 1846 atquc
1485 1740 1532 1816 in
1551 1739 1663 1831 sinu,
1678 1756 1727 1815 ut

730 1887 795 1967 ita
821 1886 981 1983 dicam,
1007 1889 1226 1998 gestabam
1251 1915 1340 1994 qua
1364 1886 1418 1966 de
1437 1915 1482 1966 re
1507 1915 1604 1965 curn
1628 1886 1728 1964 scri-

728 2033 850 2130 beret
879 2035 932 2114 ad
965 2033 997 2114 F
1001 2037 1237 2116 ranciscum
1272 2033 1610 2128 Carrariensem,
1645 2031 1728 2112 sibi·

728 2181 939 2292 gratulari
965 2182 1098 2278 dixit,
1118 2185 1235 2291 quod
1260 2182 1316 2264 Μ.
1339 2181 1464 2262 Bruti
1483 2182 1537 2261 ad
1557 2180 1729 2259 Cicero-

730 2357 826 2410 nem
854 2331 1076 2438 epistolam
1103 2332 1157 2412 ab
1189 2332 1418 2412 oblivionis
1442 2329 1602 2408 iniuria
1627 2327 1728 2408 vin-
1856 2343 1863 2352 “

730 2475 936 2572 dicasset,
962 2482 1089 2584 eique
1116 2479 1339 2590 legendam
1363 2479 1576 2570 dedisset,
1599 2496 1648 2554 ut
1674 2473 1728 2552 ab

730 2622 808 2702 illa
834 2625 1041 2720 disceret,
1066 2627 1176 2706 nulli
1200 2626 1468 2707 vendendam
1494 2651 1581 2704 esse
1605 2621 1728 2701 fidem

729 2793 772 2854 et
798 2773 1067 2869 libertatem,
1087 2777 1220 2854 vitam
1245 2775 1512 2882 priusquam
1538 2770 1730 2878 dignita·-

727 2939 813 3002 tem
834 2943 879 3001 et
898 2924 1104 3002 virtutem
1123 2919 1441 3014 dimittendam,
1461 2918 1515 2996 ab
1536 2935 1729 2996 constan·
1809 2951 1815 2960 ¹

729 3071 793 3148 tia
816 3091 860 3149 et
885 3068 1197 3176 aequabilitate
1223 3067 1394 3148 laudem
1420 3065 1726 3173 quaerendam,

728 3215 1113 3323 excubandumque
1126 3218 1352 3322 civitatum
1364 3218 1602 3309 rectori,ut
1613 3238 1729 3322 prae·

728 3367 866 3444 sentia
886 3364 998 3444 mala
1013 3363 1266 3472 prohibeat,
1286 3385 1329 3443 et
1348 3363 1495 3443 futura
1512 3361 1726 3471 exploret,

727 3541 780 3592 ne
794 3540 834 3592 se
847 3515 1085 3594 insinuent.
1106 3511 1317 3620 Equidem
1330 3540 1415 3592 non
1433 3507 1727 3613 dubito,quin

727 3663 760 3738 si
782 3659 1012 3742 Petraroha
1030 3662 1203 3757 iisdem,
1222 3661 1381 3770 quibus
1400 3659 1582 3752 Brutus,
1600 3651 1729 3734 vixis-

728 3879 1729 3910 oue-emmennomm

789 3973 835 4051 (r)
852 3973 966 4030 Famil.
985 3971 1052 4030 Lib.
1069 3977 1139 4030 VII.
1155 3979 1211 4051 Ep.
1228 3995 1275 4032 rr·
1292 3983 1342 4034 Ex
1358 3977 1426 4032 eius
1443 3972 1586 4051 epistola
1602 3968 1647 4027 od
1661 3971 1729 4024 Lu·

729 4097 801 4137 cum
817 4098 838 4138 a
855 4082 988 4148 Pontio,
1004 4093 1089 4154 quae
1112 4089 1160 4133 est
1182 4080 1196 4134 1
1212 4075 1280 4134 Lib.
1297 4097 1339 4136 xv
1362 4083 1433 4136 Seu.
1454 4075 1597 4150 intelligi
1621 4081 1731 4149 potest,

728 4194 804 4257 quot
820 4179 1019 4256 impenderit
1036 4179 1161 4236 labores
1172 4193 1271 4255 utque
1281 4181 1487 4255 pecuniasin
1498 4171 1686 4254 quaerenda
1697 4183 1730 4227 et

730 4281 955 4361 comparanda
972 4283 1034 4341 sibi
1050 4285 1215 4340 Ciceronis
1231 4299 1347 4358 opera.
