4180 5796
767 653 872 741 JJ5

278 923 280 928 ,
322 841 505 918 titerunt
530 857 572 916 et
601 835 712 914 aliae
745 833 980 914 calumniae
1005 815 1209 912 ob'nimis
1234 833 1321 912 cal·

321 985 450 1064 lidam
476 1007 518 1065 et
543 983 797 1064 malitiosam
822 983 1220 1091 interpretationem
1251 1009 1319 1060 cu·

294 1193 298 1202 .
321 1134 485 1213 iusdam
504 1131 587 1212 loci
608 1131 884 1241 epistolarum
901 1129 1018 1210 illius
1031 1115 1231 1212 adversus
1242 1159 1321 1210 me·

322 1282 463 1375 dicos,
483 1283 603 1388 quasi
623 1279 864 1361 affirmasset
883 1305 970 1360 non
996 1279 1100 1358 alibi
1127 1305 1212 1358 esse
1232 1305 1320 1390 pos·

321 1457 363 1507 se
382 1450 698 1540 praeterquam
718 1426 876 1508 Romae
896 1426 1013 1506 Petri
1039 1453 1321 1506 successorum

323 1575 485 1672 sedem,
504 1604 631 1683 quam
657 1575 969 1655 accusationem
995 1574 1166 1653 minime
1192 1574 1322 1684 negli-

323 1723 503 1834 gendam
528 1725 716 1818 censuit,
742 1752 796 1802 ne
821 1742 984 1804 certum
1011 1723 1057 1800 in
1081 1719 1322 1830 periculum

324 1897 366 1950 se
385 1866 745 1954 committerem).
766 1869 873 1949 Tum
898 1871 1073 1950 fortasse
1101 1871 1222 1950 novit
1243 1897 1324 1948 mo·

323 2018 545 2098 lestissima
580 2041 621 2099 et
652 2048 677 2097 a
707 2047 781 2100 sua
811 2039 967 2100 natura
997 2018 1251 2098 alienissima
1283 2045 1324 2098 se

323 2165 584 2275 implicuisse
609 2169 1021 2262 concertatione,-in
1046 2187 1323 2276 quatempus

323 2333 365 2392 et
386 2313 574 2394 laborem
600 2317 901 2424 consumpsisse
926 2319 1063 2425 ipsum
1086 2339 1234 2427 postea
1252 2345 1327 2398 vc·-

323 2459 544 2542 hementer
570 2461 917 2571 poenituitflas
936 2465 1179 2572 deposuisse
1199 2464 1326 2544 mole-

326 2609 426 2687 stias
452 2611 773 2708 videtur,-cum
798 2615 844 2691 in
868 2614 1024 2692 itinere
1050 2635 1325 2722 prospectans

325 2754 496 2837 Italiam
520 2757 586 2839 his
613 2762 804 2842 versibus
828 2763 962 2870 ipsam
989 2761 1214 2845 salutavit:

327 2931 467 3028 Salve,
489 2937 621 3021 chora
639 2943 734 3023 Deo
754 2941 879 3022 tellus
898 2946 1160 3024 sanctissima
1182 2945 1316 3033 salve,

332 3075 475 3164 Tellus
495 3067 743 3178 arrabonis,
764 3087 891 3200 tellus
913 3089 1134 3171 metuendo
1153 3093 1354 3203 superbis,

323 3341 1326 3373 ”mmmmm

384 3437 429 3515 (1)
446 3440 506 3495 Hir
523 3439 625 3496 verbis
642 3441 771 3519 scripsit
790 3444 833 3501 ad
854 3449 884 3501 S.
901 3445 1041 3522 Benipni
1057 3444 1207 3502 Abbatem
1222 3470 1230 3504 .·
1248 3447 1332 3504 Scri·

328 3539 378 3626 psi
392 3539 456 3597 tibi
473 3561 578 3621 nuper
594 3544 789 3622 epistolam,
806 3559 839 3606 et
861 3549 1010 3624 exigente
1032 3548 1193 3619 materia,
1213 3549 1247 3607 in
1265 3548 1329 3605 fine

325 3639 414 3710 dixi,
430 3662 585 3721 magnum
601 3661 650 3706 est
672 3649 707 3706 in
725 3649 800 3708 sede
823 3650 930 3720 Petri,
953 3668 1108 3728 magnum
1125 3664 1173 3710 est
1196 3653 1233 3710 in
1247 3651 1329 3710 solio

325 3745 496 3802 Caesarum
520 3750 649 3818 sederet
671 3751 728 3809 red
750 3753 885 3832 vulgato
904 3754 1039 3834 epistola
1050 3793 1068 3839 ,Ι
1085 3757 1246 3836 interpres
1262 3756 1332 3824 irri-¹

326 3846 515 3920 quissrimus
537 3869 602 3926 quo
625 3871 693 3910 rem
718 3856 848 3914 trahit?
877 3855 964 3916 Dicit
992 3862 1043 3916 me'
1066 3859 1172 3917 dicere
1189 3859 1330 3919 voluisse

325 3947 433 4007 sedern
450 3953 537 4009 Petri
553 3973 620 4012 uon
635 3956 716 4016 alibi
731 3978 914 4038 essequam
931 3966 1070 4028 Romam
1083 3951 1197 4022 verum
1215 3980 1279 4020 nou
1294 3963 1328 4020 iri

325 4052 498 4128 quaeritur
512 4055 592 4131 quid
602 4057 709 4118 dicere
719 4060 901 4134 voluerim,
917 4064 972 4122 sed
983 4065 1061 4144 quid
1078 4064 1234 4132 dixerima
1246 4065 1323 4142 quid

316 4153 414 4211 veninr
428 4155 536 4214 dicere
545 4155 729 4242 ¹voluerim,
747 4161 809 4219 nisi
826 4163 941 4232 fallor„
958 4186 1017 4243 per
1033 4165 1242 4242 Hippocratis
1258 4185 1330 4242 pro-

327 4259 473 4330 gnostica
488 4263 568 4320 scire
584 4264 717 4340 nequit.
