4254 5824
827 639 901 730 7!

270 889 274 894 .
372 855 472 908 num
491 825 649 906 honore
663 849 842 903 coronae
863 821 1016 932 dignus
1034 821 1289 904 iudicandus
1304 851 1364 904 es-

371 997 454 1057 set.
475 971 633 1084 Magna
652 973 697 1051 in
716 968 967 1051 celebritate
987 967 1203 1049 hominum
1214 1001 1291 1081 per
1303 994 1365 1054 to-

370 1145 435 1202 tos
447 1121 534 1204 fere
547 1141 631 1200 tres
644 1117 733 1200 dies
743 1118 1024 1228 interrogavit
1036 1119 1172 1226 ipsum
1185 1117 1237 1198 de
1250 1123 1365 1199 omni

370 1269 458 1352 fere
477 1297 629 1380 genere
648 1267 891 1362 doetrinae,
910 1293 1107 1374 quaeque
1130 1269 1367 1376 respondit,

356 1426 456 1498 ‘non
480 1417 604 1496 modo
629 1415 821 1511 laudem,
846 1415 920 1498 sed
951 1417 1079 1495 etiam
1116 1414 1366 1496 admiratio-

368 1595 464 1648 nem
487 1566 753 1648 habuerunt.
781 1561 875 1644 Suis
893 1565 984 1674 ipse
1003 1562 1196 1644 manibus
1214 1591 1364 1644 ornare

370 1713 553 1796 frontem
573 1711 828 1794 Petrarchae
848 1729 1055 1821 optasset,
1076 1709 1147 1790 sed
1169 1713 1275 1817 quia
1292 1732 1370 1792 sta·

372 1883 514 1944 tutum
538 1861 640 1940 huic
663 1880 757 1939 erat
788 1860 834 1938 in
866 1861 958 1968 ipso
983 1854 1226 1968 Capitolio,
1251 1859 1367 1966 quod

370 2027 433 2090 tot
468 2007 704 2118 triumphos
732 2008 925 2104 viderat,
955 2005 1036 2088 hoc
1071 2008 1263 2089 decorari
1296 2005 1372 2088 ho-

369 2181 494 2252 nore,
519 2184 615 2236 cum
640 2183 690 2235 eo
714 2157 828 2237 misit
853 2175 1003 2236 testem
1028 2157 1241 2266 opinionis
1267 2181 1366 2236 suae

371 2299 573 2384 Ioannem
611 2300 797 2384 Barilem
830 2305 969 2384 virum
1001 2302 1082 2382 sibi
1122 2303 1368 2411 acceptissi-

320 2549 324 2558 Ι
371 2460 593 2544 mum,nec
612 2447 836 2528 mediocris
855 2451 1035 2530 nominis
1058 2472 1246 2558 poetam,
1259 2479 1370 2534 man·

371 2597 474 2676 data
491 2599 531 2676 ei
550 2595 676 2692 dano,
695 2626 749 2677 ne
768 2598 839 2676 cui
859 2599 921 2676 rei
946 2618 1141 2707 parceret
1167 2600 1211 2678 in
1232 2598 1370 2680 -hone-

372 2743 523 2824 stando
554 2743 750 2841 homine,
772 2773 861 2854 quo
896 2745 1073 2826 nullum‘
1095 2774 1136 2827 se
1162 2750 1367 2830 cariorem

370 2890 529 2972 habere
550 2891 803 2973 affirmabat.
823 2890 905 2974 Tot
925 2891 1134 2974 beneficia
1158 2895 1243 2974 alio
1264 2923 1368 3004 quo-

372 3065 456 3146 que
481 3041 603 3120 auxit
642 3039 823 3135 honore,
848 3069 945 3122 narn
977 3041 1088 3123 datis
1111 3041 1271 3124 litteris
1294 3065 1369 3152 po-v

372 3185 488 3266 strid.
508 3183 603 3266 Kal.
616 3184 775 3296 Aprilis
792 3215 857 3268 an.
869 3213 1089 3283 nceoxm,
1113 3192 1251 3297 ipsum
1269 3187 1369 3268 Pre-

370 3331 578 3444 sbyterum
597 3355 639 3414 et
653 3331 916 3442 familiarem
941 3359 1061 3416 tuom
1078 3333 1367 3426 domesticum,

371 3508 422 3560 ac
442 3479 493 3562 dc
511 3507 588 3562 suo
606 3475 784 3592 hospitio
802 3481 1064 3562 declaravit:
1085 3479 1237 3562 Sacrae
1257 3485 1367 3564 enim

373 3632 578 3728 militiae,
612 3632 742 3712 tonsis
778 3629 970 3740 capillis,
1003 3657 1155 3710 nomen
1191 3628 1367 3724 dederat

372 3777 441 3858 vel
466 3778 592 3860 abeo
629 3798 817 3888 tempore
850 3805 937 3886 quo
970 3775 1160 3858 Bononia
1185 3776 1369 3860 Avenie-

376 3955 472 4008 nem
496 3927 699 4010 redierat.
