4254 5824
822 633 893 751 69

304 912 308 918 ,
361 859 429 922 tus
447 857 559 934 erat,
580 855 746 918 tantum
756 835 893 942 virum
913 859 1084 914 noscere
1102 839 1347 946 concupivit

350 987 581 1096 ipsumque
609 983 766 1066 litteris
791 986 875 1064 suis
897 985 1167 1092 provocavit,
1192 985 1349 1092 quibus

359 1131 731 1241 exquisivit,quid
749 1133 923 1212 sentiret
942 1131 995 1210 de
1014 1130 1233 1240 epitaphio
1252 1161 1352 1241 quo·

358 1279 455 1364 dam
472 1309 497 1362 a
515 1309 556 1364 se
577 1279 689 1362 facto
708 1280 762 1362 sd
786 1277 1047 1392 prodendam
1065 1283 1243 1388 posteris
1266 1311 1350 1362 mc-

359 1433 532 1512 moriam
568 1431 776 1514 virtutum
812 1427 1077 1512 Clementiae
1113 1425 1353 1512 Galliarum

360 1577 549 1690 Reginae
567 1582 728 1692 magnis
746 1580 1083 1690 propinquitatis
1101 1579 1285 1661 vinculis
1303 1582 1354 1660 si-

359 1727 407 1808 bi
431 1730 707 1810 coniunctae.
736 1727 858 1828 Quae
883 1731 1097 1836 rescripsit
1126 1725 1354 1812 Petrarcha

361 1877 590 1958 ostendunt
609 1875 783 1984 quidem
800 1877 939 1986 ipsum
961 1897 1071 1958 artes
1095 1875 1189 1956 illos
1215 1881 1356 1959 novis-

361 2051 424 2119 se,
442 2025 600 2131 quibus
620 2045 848 2132 captantur
866 2023 1009 2104 studia
1028 2022 1295 2134 Principum,
1315 2055 1355 2106 e·

359 2171 559 2280 latusque
594 2173 835 2282 cupiditate
866 2171 987 2256 illum
1019 2171 1211 2282 pleniore
1238 2174 1357 2254 obse-

361 2322 464 2427 quio
479 2317 984 2428 demerendi,Nespolim
1002 2347 1043 2398 se
1057 2320 1256 2402 contulit.
1276 2319 1358 2400 Mi-

286 2572 291 2580 }
361 2489 479 2550 ratus
495 2489 557 2548 eet
584 2495 627 2548 se
651 2469 860 2561 invenisse
886 2468 1064 2580 Regem,
1089 2472 1209 2550 cuius
1234 2499 1357 2582 gene-

361 2617 419 2694 ris
442 2643 594 2726 magno
616 2641 778 2722 semper
803 2615 885 2696 fuit
913 2619 1118 2724 penuria,
1139 2619 1213 2725 qui
1240 2617 1357 2699 litte-

361 2791 502 2844 rarum
528 2761 691 2844 cultum
716 2785 882 2873 sceptro
908 2765 1166 2874 praeferret,
1192 2768 1354 2874 quique

362 2913 407 2990 in
425 2938 467 2990 se
485 2908 733 2992 honorando
745 2907 920 2990 nullum·
931 2915 1289 3021 praetermitteret
1301 2914 1358 2994 ol·

363 3057 505 3139 ficium
522 3059 909 3144 benevolentissimi
927 3057 1130 3142 hominis.
1158 3057 1269 3144 Nem
1286 3093 1358 3146 ve·

363 3251 525 3276 ’mu‘
530 3253 899 3278 ‘mm
1253 3255 1357 3280 Um

361 3349 483 3406 clausit
499 3349 714 3428 inscriptione
723 3367 842 3426 ,quom
859 3351 893 3406 in
910 3350 979 3408 cius
995 3351 1141 3430 sepulcro
1154 3353 1236 3428 poni
1252 3365 1362 3430 optas·

364 3465 426 3509 set.
443 3452 502 3508 Est
518 3463 628 3507 autem
644 3448 845 3508 huiusmodi:

423 3551 483 3626 Qui
499 3551 563 3609 fnit
579 3553 751 3630 Hesperiae
766 3551 862 3611 deone
877 3565 910 3610 et
926 3573 1012 3613 novo
1027 3551 1131 3631 gloria
1146 3557 1269 3633 gentis,

420 3655 532 3727 Cultor
548 3655 712 3716 amicitiae
727 3653 829 3726 fidus,
844 3655 1016 3734 chorisque
1032 3657 1209 3736 benignus,

424 3761 582 3817 convictu
596 3759 763 3838 placidus,
780 3759 942 3838 vultuque
958 3763 1132 3838 animoque
1148 3780 1297 3830 serenus,

425 3857 603 3936 Relligione
618 3863 709 3938 piot,
726 3861 820 3922 factis
837 3861 1018 3942 habituque
1034 3865 1216 3934 modestus,

427 3961 522 4022 Altus
537 3975 570 4020 et
584 3965 728 4042 ingenio,
748 3961 890 4026 fecundo
904 3965 1094 4046 splendidus
1108 3985 1181 4038 ore,

424 4062 496 4124 Flos
512 4075 646 4135 vetum,
660 4063 744 4124 caeli
757 4081 942 4140 scrutator,
955 4070 1103 4148 cognitus
1118 4070 1232 4142 astris,

425 4171 528 4226 Rarus
543 4165 628 4244 apud
645 4178 786 4236 veteres,
804 4183 914 4227 nostro
929 4171 1114 4229 rarissimus
1131 4191 1230 4257 nevo,

428 4270 549 4328 Vniour
563 4285 603 4328 ex
618 4268 709 4327 mille
724 4271 807 4328 iacet
822 4271 875 4328 lric
891 4271 1064 4350 Dionysius
1079 4272 1150 4330 ille.
