4254 5824
853 637 889 732 5

371 825 604 942 gravissimi
633 821 834 904 momenti
873 820 1045 930 negotia
1077 818 1371 904 administrata

372 975 553 1056 fuerint.
579 967 725 1068 Mens,
751 970 862 1050 ratio
887 989 929 1050 et
954 966 1174 1050 consilium
1198 970 1370 1050 minime

370 1122 492 1204 illum
530 1120 717 1200 deseruit
756 1115 826 1200 vel
861 1120 907 1198 in
944 1116 1165 1225 decrepita
1206 1135 1372 1214 aetate,

372 1277 633 1376 mortemque
660 1268 720 1348 sio'
744 1266 904 1361 obivit,
923 1279 1020 1344 eum¹
1039 1283 1146 1346 esset
1166 1292 1374 1348 annorum

371 1437 558 1525 quatuor
582 1441 711 1523 snpra
731 1433 925 1508 centum,
942 1432 992 1494 ut
1012 1439 1107 1492 cum
1133 1415 1375 1496 excessisset

373 1565 528 1659 evita,
550 1583 639 1644 tum
660 1559 851 1669 denique'
867 1588 909 1640 se
922 1563 1134 1644 victurum
1154 1562 1380 1642 arbitrare-

373 1731 462 1792 tur.
490 1707 611 1810 Quae
637 1711 817 1790 moriens
836 1735 1023 1792 somnum
1048 1710 1238 1817 capienti
1263 1710 1374 1786 simi-

374 1855 425 1936 lis
444 1856 578 1952 dixit,
596 1879 644 1938 ut
665 1855 798 1938 filium
816 1859 984 1938 nomine
1010 1855 1279 1952 Parentium,
1299 1859 1375 1964 qui

373 1998 545 2084 Gnidiis
589 1991 828 2086 Coinitibns
860 2003 1089 2086 multorum
1122 2001 1377 2114 oppidorum

374 2149 583 2246 dominis,
620 2147 900 2262 Regianopoli
936 2148 1198 2230 Cancellarii
1224 2167 1375 2231 munus

374 2323 597 2394 exercens,
616 2321 788 2407 operam
813 2325 931 2378 suam
951 2296 1217 2410 praestabat,
1235 2317 1279 2379 et
1300 2321 1379 2378 ne-

374 2465 492 2552 potes
519 2445 573 2524 ad
599 2443 682 2524 Dei
708 2444 958 2540 cultum‚·et
986 2445 1039 2526 ad
1058 2447 1266 2529 virtutum
1292 2465 1378 2526 stu-

375 2587 492 2670 dium
518 2591 649 2700 magis
681 2591 901 2700 magisque
924 2589 1238 2687 inflammaret,
1264 2607 1380 2670 'com-

267 2789 271 2798 ·
375 2737 622 2818 memoravit
647 2733 895 2816 Franciscus
921 2737 1035 2846 ipse,
1053 2739 1130 2843 qui
1155 2738 1266 2820 tanti
1291 2739 1373 2818 viri

377 2884 619 2965 memoriam
644 2886 714 2992 pie
736 2883 1029 2993 inviolateque
1056 2905 1217 2993 semper
1242 2909 1379 2966 serva-

377 3030 460 3124 vit,
485 3031 890 3136 quiquenunq'uam
909 3031 1105 3114 oblivisci
1133 3031 1273 3140 potuit
1299 3029 1378 3110 ssa-

377 3175 569 3286 gitiosa'rn
594 3198 638 3258 et
663 3177 876 3286 perditam
900 3181 1059 3260 civium
1086 3179 1252 3258 suo'rum
1285 3177 1381 3258 libi·

377 3321 540 3418 dinem,
552 3323 667 3430 quod
687 3327 880 3408 desertae
897 3324 995 3408 fidei
1015 3347 1180 3435 patrem
1199 3349 1380 3406 accusas·

378 3488 493 3562 sent,
513 3489 555 3548 ct
581 3491 753 3551 centum
777 3473 983 3554 librarum
1008 3472 1190 3567 mulcta,
1209 3493 1253 3550 et
1280 3471 1381 3552 dex·

381 3633 497 3692 terae
522 3643 672 3696 manus
699 3619 951 3700 abscissione
971 3619 1259 3713 damnassent,
1280 3621 1313 3696 si
1335 3620 1379 3697 in
1439 3621 1441 3624 ’

378 3784 521 3838 eorum
545 3781 799 3874 potestatem
818 3739 1026 3861 venisset,
1052 3770 1174 3872 quasi
1201 3768 1379 3878 degene-

379 3925 508 3984 rasset
528 3907 634 3988 adeo
654 3911 708 3990 ab
733 3913 803 3992 avi
827 3915 1012 4008 virtute,
1032 3935 1080 3992 ut
1099 3939 1193 3992 cum
1220 3914 1375 4022 probro

379 4053 549 4159 privato
569 4059 843 4170 coniungeret
868 4059 1034 4169 publici
1054 4064 1239 4141 muneris
1257 4059 1380 4140 dede-

381 4223 472 4278 cus.
499 4192 611 4296 Dum¹
637 4173 707 4282 hic
726 4184 825 4306 erat:
846 4189 1006 4303 'Aretim
1033 4208 1087 4299 ab
1109 4203 1232 4287 exilii
1259 4207 1377 4286 sociis
