4254 5824
1258 547 1336 724 ῃ

798 842 891 898 rum
918 816 1077 894 socium
1103 835 1202 896 ante
1236 817 1376 894 omnia
1408 814 1793 932 alliciendumSy-

796 961 990 1072 phacem·
1008 965 1180 1072 putavit
1208 963 1266 1044 ad
1298 963 1554 1075 iungendam
1584 993 1680 1044 cum
1703 965 1794 1046 Ro·

796 1116 931 1192 manis
956 1113 1204 1192 amicitiam.
1242 1109 1380 1210 Quam
1413 1110 1633 1221 splendide
1671 1141 1796 1194 exce-

796 1271 895 1370 pt'us
921 1262 955 1338 is
981 1259 1134 1355 luerit,
1158 1287 1269 1367 quac
1296 1257 1543 1340 admiranda
1569 1261 1725 1342 viderit
1747 1263 1793 1344 in

795 1409 1050 1518 eiusregia,
1077 1437 1189 1516 quae
1214 1410 1259 1486 in
1284 1435 1415 1488 coena
1442 1407 1625 1517 demptis
1653 1409 1791 1520 epulis

794 1555 978 1636 audierit
999 1558 1187 1636 carmina
1211 1585 1234 1636 a
1253 1557 1409 1638 iuvene
1431 1578 1606 1638 cantata
1628 1557 1680 1636 de
1694 1555 1794 1638 Car-

795 1704 1003 1817 thaginis,
1029 1733 1141 1812 quae
1169 1706 1259 1813 ipse
1283 1705 1442 1786 dixerit
1469 1705 1521 1786 de
1547 1704 1703 1786 Romae
1728 1734 1810 1814 or·⁴

792 1875 865 1948 tu,
878 1853 1017 1962 deque
1038 1875 1230 1935 veterum
1249 1852 1533 1934 Romanorum
1551 1853 1792 1936 illustribus

793 2000 916 2082 factis
943 2029 991 2080 ac
1017 1999 1240 2096 laudibus,
1264 2000 1405 2108 deque
1429 1998 1658 2082 Lucretiae
1684 2031 1792 2082 mor·

789 2169 852 2243 te,
873 2150 1023 2256 inqua
1048 2147 1329 2230 describenda
1349 2177 1391 2228 se
1411 2151 1550 2258 ipsum
1573 2177 1788 2258 superasse

792 2296 964 2378 videtur
991 2296 1144 2392 Poeta,
1170 2299 1298 2380 tertio
1329 2302 1535 2408 poematis
1561 2299 1672 2380 libro
1696 2326 1792 2408 per-

793 2465 960 2525 secutus
986 2465 1065 2526 est.
1091 2444 1191 2525 Post
1216 2445 1261 2524 id
1287 2473 1313 2524 a
1330 2443 1525 2558 Syphace
1552 2447 1642 2555 ipso
1668 2472 1790 2554 roga·
1873 2431 1876 2442 λ

789 2613 856 2672 tus
881 2589 1093 2702 Scipionis
1113 2579 1300 2672 illustria
1318 2593 1432 2676 sacta
1450 2615 1640 2688 enarrat,
1659 2621 1788 2702 quem

789 2744 847 2820 sic
876 2743 921 2822 in
953 2740 1116 2822 caelum
1145 2740 1348 2836 extollit,
1380 2764 1428 2821 ut
1461 2743 1621 2822 nescias
1650 2744 1785 2822 maior

789 2918 843 2970 ne
869 2892 913 2968 in
941 2887 1054 2968 bello
1087 2917 1142 2968 an
1167 2890 1367 2999 inpare,
1392 2889 1493 2968 foris
1518 2918 1573 2968 ne
1598 2917 1651 2969 an
1676 2889 1788 2970 domi

788 3037 932 3117 fuerit.
962 3035 1145 3148 Campus
1170 3041 1416 3148 praesertim
1441 3060 1591 3147 poetae
1617 3037 1722 3132 fuit,
1742 3040 1787 3116 in

789 3213 875 3294 quo
893 3187 984 3264 eius
1003 3187 1140 3266 oratio
1159 3187 1553 3282 exsultaret,novae
1571 3184 1791 3296 Carthagi·

790 3335 853 3412 nis
874 3335 1156 3445 oppugnatio,
1176 3335 1439 3446 benignitas,
1463 3361 1552 3440 qua
1579 3329 1720 3440 Scipio
1744 3359 1788 3410 se

789 3483 915 3592 gessit
941 3510 1041 3592 erga
1059 3483 1252 3592 captivas
1270 3483 1459 3593 virgines
1484 3500 1625 3561 aetate
1648 3501 1690 3560 et
1709 3478 1788 3558 for·

787 3659 855 3708 ma
893 3605 1121 3725 florentes,¹
1149 3652 1191 3711 et
1228 3633 1414 3710 omnium
1450 3629 1786 3708 formosissimam

789 3777 1084 3887 desponsatam
1105 3755 1292 3886 principi
1314 3775 1627 3856 Celtiberorum
1649 3773 1787 3853 adole·

789 3927 946 4020 scenti,
972 3926 1041 4004 cui
1068 3922 1261 4005 Alluccio
1298 3953 1449 4004 nomen
1480 3947 1594 4020 erat,
1628 3923 1785 4031 quibus

791 4070 971 4181 aliisque
998 4073 1123 4153 rebus
1148 4075 1308 4155 lactum
1334 4094 1417 4171 est,
1443 4095 1492 4154 ut
1516 4073 1601 4154 uno
1627 4099 1699 4152 ore
1724 4071 1787 4152 fa-

787 4239 981 4302 terentur
1015 4250 1177 4319 omnes,
1210 4225 1373 4304 venisse
1405 4219 1497 4302 Diis
1521 4217 1786 4317 ‘simillimum
