4254 5824
1228 657 1307 730 22

772 843 887 949 piter
923 839 1164 948 consopitos
1198 835 1405 918 Italorum
1439 865 1486 916 ac
1521 843 1767 948 praesertim

771 986 1055 1066 Romanorum
1081 987 1239 1066 animos
1264 1015 1286 1063 e
1314 1013 1455 1064 somno
1490 990 1700 1083 excitare,
1726 1011 1767 1069 et

771 1132 823 1212 ad
843 1136 1067 1242 pristinam
1091 1137 1295 1214 virtutem
1314 1158 1513 1214 revocare
1532 1119 1773 1231 adlaboret,

768 1279 838 1360 vel
856 1281 1054 1361 caelestes
1074 1282 1156 1359 iras
1175 1283 1434 1390 imprecatur
1453 1307 1606 1362 avarae
1626 1279 1767 1393 Baby·

767 1427 927 1524 loniae,
953 1453 1063 1534 quae
1089 1430 1201 1508 omni
1235 1427 1397 1508 nefario
1432 1427 1588 1507 scelere
1614 1455 1656 1509 se
1681 1428 1767 1508 foe-

768 1575 965 1656 daverat.
993 1572 1055 1652 Ex
1087 1574 1153 1653 his
1186 1576 1360 1683 quidem
1395 1574 1520 1654 facile
1554 1576 1767 1688 intelliges

769 1719 1022 1803 Petrarchae
1042 1721 1177 1834 lyram
1202 1747 1348 1801 sonum
1369 1721 1621 1818 reddidisse,
1640 1751 1767 1831 quem

768 1893 916 1946 manns
936 1889 977 1946 et
996 1897 1111 1948 mens
1122 1869 1293 1951 volebat
1313 1863 1487 1980 (natura
1502 1872 1614 1970 enirn
1624 1898 1769 1978 quern·

767 2011 993 2096 admodum
1013 2016 1066 2094 ad
1083 2043 1245 2096 omnem
1262 2015 1531 2097 fortunarum
1547 2015 1766 2113 habiturn,

766 2164 903 2280 sic'ad
929 2191 1050 2244 omne
1078 2165 1282 2244 orationis
1308 2189 1441 2276 genus
1467 2164 1589 2243 illum
1614 2163 1767 2244 forma-

766 2303 947 2419 verat),
983 2333 1024 2390 et
1051 2310 1168 2390 illam
1203 2312 1466 2421 praeclaram
1497 2332 1540 2393 et
1566 2313 1764 2391 eximiam

767 2459 947 2565 speciem
987 2480 1140 2567 poetae
1175 2460 1357 2568 perlecti
1393 2480 1436 2538 et
1469 2457 1766 2567 pulchritudi-

766 2631 860 2682 nem
885 2607 1153 2714 expressisse,
1180 2633 1309 2712 quam
1334 2625 1559 2714 tantopere
1585 2605 1765 2684 admira·

766 2779 858 2830 mur
877 2753 923 2831 in
942 2749 1136 2846 Tibullo,
1157 2749 1350 2846 Catullo,
1370 2749 1613 2858 Propertio,
1631 2747 1765 2832 Hora·

765 2901 826 2978 tio
849 2923 979 3009 atque
1006 2898 1163 2982 Ovidio
1188 2929 1211 2978 e
1237 2899 1428 2995 Latinis,
1450 2927 1473 2977 e
1497 2895 1672 2978 Graecis
1693 2926 1765 2976 au-

766 3067 851 3126 tem
877 3050 922 3127 in
942 3045 1209 3128 Anacreonte
1235 3067 1367 3154 atque
1394 3045 1764 3153 Pindaro,'quarn·

765 3197 828 3274 vis
860 3192 906 3273 hi
938 3193 1122 3274 multum
1158 3196 1271 3274 inter
1305 3223 1346 3273 se
1380 3194 1589 3275 distantia
1622 3193 1760 3268 secuti

765 3343 848 3422 sint
881 3369 1035 3454 genera
1070 3341 1243 3422 dicendi
1259 3337 1323 3418 (¹).
1360 3339 1457 3442 Quo
1491 3337 1692 3450 grandior
1716 3357 1759 3416 et

764 3491 1075 3598 quodammodo
1102 3489 1305 3570 excelsior
1330 3510 1460 3583 esset,
1486 3485 1663 3597 publica
1683 3481 1762 3562 effi-

766 3638 936 3720 ciebant
970 3637 1098 3734 mala,
1131 3663 1243 3745 quae
1278 3638 1471 3745 quamvis
1504 3661 1601 3714 eum
1622 3633 1764 3714 vehe-

765 3785 1018 3865 mentissime
1043 3806 1291 3897 tangerent,
1315 3784 1469 3882 maluit
1498 3805 1639 3865 tamen
1664 3803 1760 3888 pro-

763 3967 1760 4000 Ummwm

825 4053 869 4131 (r)
888 4056 963 4113 Non
978 4051 1078 4112 aliter
1088 4050 1248 4111 iudicasse
1263 4052 1394 4112 videtur
1408 4058 1456 4112 Ιο.·
1479 4047 1665 4112 Vincentius
1682 4053 1756 4110 (ἕνα.

767 4152 839 4210 vina
857 4175 889 4210 eo
905 4157 942 4211 in
958 4157 1024 4212 loco
1035 4155 1184 4214 Rationis
1200 4153 1345 4214 Poeticae
1361 4156 1372 4229 (
1381 4155 1425 4214 sic
1441 4155 1528 4235 eninr
1543 4153 1628 4236 liber
1645 4149 1753 4208 inscri-

763 4255 875 4332 bitur)
892 4273 953 4334 qno
968 4259 1006 4316 de
1023 4259 1190 4320 Parmeno
1206 4257 1376 4318 eermo'nem
1401 4255 1529 4315 habuit.
