4184 5806
1239 675 1314 747 20

784 852 947 932 dulcior
983 874 1073 933 erat
1107 856 1197 934 eius
1233 882 1386 950 sermo,
1420 883 1546 962 quem
1583 857 1777 942 doctriua

780 1030 951 1110 quoque
992 1003 1243 1098 condiebat,
1283 1005 1452 1083 minime
1495 1033 1643 1114 expers
1686 1027 1777 1088 erat

780 1151 937 1259 poesia,
967 1153 1104 1259 perite
1136 1151 1339 1247 canebat,
1367 1151 1422 1230 ad
1455 1153 1501 1231 id
1531 1155 1776 1234 castimonia

780 1319 917 1392 tanta,
943 1299 1166 1394 modestia,
1192 1301 1237 1378 in
1261 1297 1399 1378 Deum
1418 1301 1598 1409 pietate,
1623 1303 1668 1380 in
1692 1329 1776 1380 ma·

779 1448 930 1541 ritum,
956 1448 1147 1553 quamvis
1173 1466 1329 1528 natura
1354 1449 1628 1555 asperrimum
1646 1467 1688 1528 et
1713 1475 1776 1526 su·

779 1595 1024 1703 spinosum,
1050 1581 1150 1691 fide,
1176 1595 1425 1704 prudentia,
1451 1593 1773 1675 mansuetudine

779 1763 907 1849 atque
925 1745 1165 1851 patientia,
1186 1765 1234 1824 ut
1259 1745 1368 1853 ipsos
1392 1742 1525 1854 Reges
1550 1745 1678 1824 insui
1704 1745 1775 1824 ads

777 1891 1041 1968 mirationem
1077 1891 1276 1970 traxerit.
1301 1887 1413 1970 Nam
1438 1919 1532 1972 cum
1556 1887 1774 1972 Avenione

778 2057 884 2116 esset
921 2034 1098 2114 Carolus
1131 2034 1514 2147 Luxemburgensis
1550 2036 1774 2120 Bohemiae

669 2269 671 2275 ,
776 2183 890 2280 Rea,⁴
908 2212 1102 2294 magnum
1127 2183 1336 2264 nobilium
1355 2183 1605 2265 feminarum
1629 2215 1773 2266 nume-

777 2361 868 2410 rum
905 2330 1020 2440 apud
1053 2357 1094 2410 se
1128 2333 1352 2412 convenire
1384 2333 1530 2426 iussit,
1563 2354 1611 2414 ut
1645 2361 1773 2415 unam

775 2475 958 2559 Lautam
975 2500 1189 2578 nosceret,
1208 2507 1333 2590 quam
1355 2483 1400 2560 in
1420 2479 1560 2564 fronte
1582 2477 1772 2564 osculans

776 2627 894 2706 nullo
919 2656 1005 2707 non
1027 2627 1185 2708 honore
1211 2647 1457 2737 prosecutus
1482 2648 1564 2706 est.
1590 2625 1707 2706 Haec
1733 2655 1774 2703 e-

776 2796 872 2854 rant
897 2775 1008 2868 fere,
1031 2775 1187 2882 quibus
1220 2795 1424 2882 tanquam
1457 2771 1588 2853 stellis
1614 2771 1773 2854 illumi·-
1867 2809 1878 2813 ·

775 2924 868 3000 nari
894 2949 1037 3002 versus
1061 2948 1155 3002 suos
1181 2922 1322 3012 aiebat
1350 2919 1600 3003 Petrarcha.
1627 2915 1681 3036 Et
1707 2945 1772 2996 sa-

775 3097 828 3145 ne
852 3070 1094 3162 miraberis,
1125 3089 1174 3148 ut
1211 3067 1375 3174 aliquid
1408 3065 1592 3174 exempli
1629 3089 1774 3144 caussa

776 3241 955 3321 ponam,
991 3215 1133 3296 oculos
1169 3217 1294 3294 unius
1332 3213 1538 3306 feminae,
1574 3211 1772 3290 extulisse

778 3362 882 3440 adeo
908 3361 1102 3457 Poetam‚
1129 3373 1355 3468 tantosque
1380 3365 1419 3440 ei
1451 3363 1624 3468 spiritus
1654 3373 1774 3438 attu-

776 3507 893 3604 lisse,
918 3531 966 3590 ut
992 3511 1092 3590 dum
1117 3537 1186 3587 eos
1212 3508 1351 3589 tribus
1377 3505 1648 3588 cantionibus
1673 3501 1772 3582 lau·-

777 3657 876 3748 dat,
901 3685 986 3736 non
1020 3654 1248 3738 Horatium
1281 3653 1427 3746 modo,
1456 3651 1528 3730 sod
1563 3671 1604 3732 et
1637 3652 1774 3758 ipsum

778 3801 1008 3882 Pindarum
1033 3829 1232 3908 aequasse
1258 3799 1396 3884 videri
1422 3800 1568 3907 possit.

1595 4060 1632 4086 f
