4254 5824
1242 567 1328 669 34

1146 796 1325 961 'ltxss

856 1043 1022 1156 Agebat
1064 1046 1312 1157 vigesimum
1350 1049 1580 1158 septimum
1626 1061 1779 1136 aetatis

784 1220 963 1290 aunum,
996 1196 1091 1274 c'um
1129 1192 1494 1310 Pa'risioopetiit·⁹
1531 1195 1778 1311 ceterasque

779 1340 949 1424 Galliae
968 1345 1158 1455 regiones
1177 1344 1351 1438 invisit,
1369 1373 1421 1424 ex
1440 1347 1597 1453 qpibus
1615 1349 1668 1430 ad
1688 1349 1780 1433 Bel·

779 1493 850 1605 gas
874 1514 1006 1600 atquo
1036 1488 1271 1572 Germanos
1297 1495 1510 1602 profectus
1544 1517 1645 1578 est.·
1666 1496 1778 1580 Dum

778 1639 982 1720 Coloniae
995 1639 1257 1752 Agrippinae
1276 1663 1390 1738 ¹erut,
1408 1645 1584 1726 miratus
1603 1667 1664 1756 oqt
1685 1675 1776 1728 eam

776 1790 1002 1871 invaluisse
1029 1791 1281 1899 opinionem.
1295 1791 1411 1899 apud
1436 1791 1552 1872 illius
1570 1793 1689 1874 urbis
1714 1796 1776 1874 in·

777 1938 889 2018 colas
910 1997 922 2034 ,
947 1941 995 2018 n't
1028 1941 1231 2047 putarent
1265 1937 1402 2018 Rheni
1440 1968 1569 2049 aquas
1604 1967 1688 2022 non
1713 1969 1777 2022 so-

776 2114 847 2167 cus
863 2113 920 2166 ao
955 2083 1146 2166 Letheas·
1173 2088 1396 2168 maximam
1422 2089 1509 2168 vim
1532 2085 1690 2168 habere
1717 2087 1772 2168 ad

773 2264 934 2316 omnem
958 2233 1030 2316 vel
1050 2232 1357 2330 cohibendam,
1382 2233 1450 2315 vel
1476 2234 1774 2342 proculaver-

775 2383 947 2464 tendam
965 2384 1269 2480 calamitatem,
1294 2383 1410 2492 quod
1435 2405 1483 2463 ut
1510 2383 1698 2479 audivit,
1724 2385 1776 2466 ri·

773 2533 875 2612 dens
901 2532 1173 2613 exclamavit:
1199 2529 1237 2610 Ο
1261 2553 1507 2641 nosterque
1531 2541 1772 2639 quaterque

698 2744 699 2747 a
771 2680 1079 2787 beati,quih'u's
1098 2679 1441 2792 tantum'obtigit
1462 2679 1639 2772 bonurn,
1653 2677 1771 2785 quod

771 2857 845 2908 nos
869 2828 1026 2908 frustra
1046 2858 1070 2907 a
1094 2825 1196 2908 Padi
1218 2849 1259 2908 et
1287 2826 1465 2940 Tyberis
1485 2827 1605 2934 aquis
1630 2826 1770 2932 requi·-

747 2973 967 3060 ssriremusl
990 2975 1430 3070 Erroroslrominum,
1456 3001 1611 3068 morea,
1636 2975 1772 3056 virtu·

772 3145 860 3217 test
874 3145 1090 3219 naturam,
1106 3145 1235 3220 artes,
1253 3121 1520 3231 disciplinas,
1540 3121 1771 3228 antiquita·

770 3272 825 3352 tio
847 3293 1138 3366 monumenta,
1158 3292 1199 3352 et
1218 3269 1397 3381 populos
1415 3265 1682 3380 gubernandi
1706 3293 1769 3344 ra·

771 3422 930 3500 tionem
954 3422 1220 3528 inquirenti,
1252 3421 1453 3526 omnique
1487 3417 1648 3529 ingenii
1675 3413 1765 3494 acie

771 3567 1078 3677 contemplanti
1112 3567 1246 3648 multa
1279 3596 1377 3667 sape
1412 3594 1454 3648 se
1488 3563 1765 3677 ostenderunt

770 3735 811 3795 et
844 3735 1143 3818 occurrerunt,
1176 3743 1300 3824 quae.
1322 3716 1451 3826 digna
1486 3714 1681 3823 putavit,
1716 3731 1765 3790 ut

768 3863 813 3940 in
831 3861 1117 3971 ephemerides
1143 3861 1346 3960 referrem
1370 3885 1413 3944 et
1433 3863 1485 3942 de
1507 3861 1663 3968 quibus
1688 3884 1764 3966 per

768 4007 934 4088 litteras
959 4011 1203 4129 admoneret
1229 4015 1380 4092 amicos
1399 4039 1492 4091 suos
1513 4039 1561 4090 ac
1581 4033 1768 4118 praeser-

769 4155 846 4234 tim
866 4153 1114 4237 Columnam
1136 4156 1424 4258 Cardinalem,
1443 4159 1519 4268 qui
1539 4157 1592 4237 ab
1610 4185 1660 4235 eo
1677 4181 1766 4237 ver·
