4180 5796
1164 649 1234 742 88

705 879 757 930 ne
795 832 1001 930 Ioannam
1037 853 1154 961 regni
1189 849 1387 928 heredem
1423 849 1550 944 fecit,
1589 869 1704 958 post·

705 1025 833 1106 quarn
861 1001 992 1106 ipsam
1020 995 1301 1106 desponderat
1328 994 1521 1075 Andreae
1559 994 1703 1076 Caroli

706 1143 859 1226 Vberti
886 1143 1126 1226 Pannoniae
1151 1145 1276 1254 Regis
1309 1144 1394 1224 filio
1419 1148 1578 1256 magnis
1604 1172 1704 1253 pro-

706 1296 965 1403 pinquitatis
990 1294 1179 1375 vinculis·
1196 1294 1276 1372 sibi
1304 1297 1551 1388 coniunct0,
1575 1319 1701 1401 quern

707 1441 866 1521 idcirco
887 1439 1072 1552 Neapoli
1090 1442 1358 1523 educandum
1376 1463 1614 1526 curaverat.
1628 1439 1707 1520 Ve-

705 1611 826 1670 nerat
859 1619 953 1670 cum
987 1619 1035 1670 eo
1069 1619 1120 1670 ex
1146 1594 1238 1701 ipsa
1273 1590 1492 1672 Pannonia
1525 1590 1705 1698 nudipes

706 1733 1010 1816 Franciscanus
1028 1735 1170 1832 homo,
1190 1739 1233 1816 in
1253 1767 1340 1847 quo
1358 1741 1554 1818 nescisses
1573 1739 1703 1847 magis

705 1913 758 1962 ne
790 1886 1006 1966 sorderent
1043 1909 1178 1970 vestes
1212 1916 1340 1996 quarn
1369 1915 1523 1983 mores,
1559 1913 1708 1995 quarn-

706 2033 769 2110 vis
799 2034 854 2112 ad
877 2035 1122 2116 modestiam
1157 2039 1449 2147 pietatemque
1486 2039 1531 2116 in
1563 2031 1704 2112 Deum

707 2199 821 2259 totus
841 2187 1096 2292 compositus
1108 2185 1344 2268 videretur.
1364 2183 1503 2264 Tanta
1522 2203 1613 2262 erat
1631 2179 1707 2260 hu·

708 2326 773 2404 ius
799 2333 1012 2435 potentia,
1032 2353 1080 2412 ut
1102 2335 1243 2412 omnia
1260 2333 1352 2411 eius
1377 2331 1555 2412 arbitrio
1582 2328 1708 2406 admi-

709 2477 1014 2572 nistrarentur,
1034 2501 1156 2560 tanta
1176 2508 1276 2560 vero
1295 2479 1443 2559 feritas
1467 2500 1509 2556 et
1536 2471 1708 2586 agrestis

710 2623 972 2723 immanitate,
998 2647 1046 2706 ut
1081 2629 1267 2706 omnium
1301 2657 1386 2706 non
1411 2625 1543 2704 solum
1572 2622 1708 2712 facta,

709 2770 780 2849 sed
814 2776 943 2852 etiam
978 2775 1096 2854 dicta
1129 2773 1257 2883 plena
1292 2793 1427 2866 essent
1462 2768 1706 2850 timoribus.

708 2915 840 2998 Erant
866 2940 907 2998 et
944 2922 1173 3015 factiones,
1198 2948 1310 3026 quae
1336 2917 1571 2997 miscebant
1603 2914 1711 2992 civi·
1765 3000 1769 3008 1

710 3081 864 3158 tatem,
900 3067 945 3144 in
979 3096 1066 3175 qua
1100 3071 1343 3148 immensam
1381 3067 1565 3174 aliquam
1590 3087 1711 3142 vora·
1773 3113 1777 3120 -

708 3211 847 3318 ginem
884 3233 956 3292 aut
988 3216 1198 3325 gurgitem
1228 3216 1432 3295 vitiorum
1469 3207 1709 3320 turpitudi-

708 3385 894 3466 numque
917 3362 1102 3440 omnium
1121 3383 1164 3440 te
1184 3362 1357 3440 dixisses
1383 3359 1565 3439 intueri.
1591 3351 1707 3432 Haec

710 3506 858 3588 videns
893 3509 1148 3604 Petrarcha‚
1183 3531 1225 3590 et
1263 3511 1532 3589 reminiscens
1568 3500 1713 3582 felicia

713 3675 921 3762 tempora,
947 3657 1104 3762 quibus
1136 3659 1245 3736 iuste
1271 3679 1313 3736 et
1343 3655 1531 3764 legitime
1560 3673 1712 3756 regna-

659 3865 661 3870 ,
711 3802 774 3879 vit
794 3797 1027 3897 Robertus‚
1046 3830 1132 3882 non
1151 3823 1318 3911 poterat
1339 3830 1424 3880 non
1443 3825 1599 3878 summo
1619 3793 1712 3874 hor·

712 3973 806 4025 rore
832 3947 1058 4054 perfundi,
1092 3951 1212 4028 cuius
1242 3947 1427 4026 horroris
1459 3965 1585 4024 notae
1611 3961 1709 4019 sunt

712 4091 894 4204 insignes
920 4095 966 4172 in
990 4095 1066 4190 ἱὶε,
1092 4122 1197 4203 quas
1222 4094 1275 4174 ad
1298 4092 1547 4174 Columnam
1566 4087 1710 4168 Cardi-

712 4240 850 4320 nalem
876 4241 1018 4336 dedit,
1043 4243 1214 4324 litteris.
1241 4241 1354 4322 Huic
1386 4263 1428 4323 et
1456 4234 1708 4350 significavit
