4260 5826
1222 648 1345 740 Jo4

790 827 1125 907 commorabatur
1156 827 1271 938 apud
1306 826 1507 908 Iacobum
1534 825 1786 908 Carrarien-

692 964 695 970 ’
789 1003 872 1052 sem
898 973 1013 1054 illius
1039 977 1227 1057 civitatis
1254 975 1640 1083 dominum‚·quem
1663 1003 1783 1055 exae-

787 1149 919 1227 quare
953 1120 1130 1204 Roberti
1165 1117 1446 1232 Neapolitani
1483 1121 1791 1233 Regislaudes‘

786 1268 1005 1364 doctrina,
1041 1268 1294 1350 litterarum
1314 1271 1581 1379 patrocinio,
1616 1269 1790 1350 iustitia·

787 1417 1066 1524 bonitateque
1092 1445 1252 1496 morum
1278 1418 1519 1501 affirmavit.
1548 1417 1702 1498 Cultus
1729 1415 1783 1500 ab

772 1562 865 1642 'hoc
886 1552 998 1644 omni
1019 1564 1246 1644 officiorum
1266 1571 1442 1678 genere,
1461 1568 1696 1674 auctusque
1716 1593 1784 1645 ca-

784 1715 986 1792 nonicatu
1011 1717 1217 1824 cogitavit
1241 1741 1294 1793 ea
1324 1719 1369 1793 in
1397 1717 1503 1796 urbe
1530 1713 1668 1794 sedem
1693 1735 1781 1792 stu-

784 1860 948 1938 diorum
975 1862 1328 1973 fortunarumque
1354 1885 1525 1944 suarum
1546 1860 1780 1952 collocare;

787 2006 975 2086 Parmam
996 2029 1135 2090 tamen
1155 2041 1203 2090 eo
1222 2015 1313 2122 ipso
1334 2033 1444 2091 an'no
1464 2007 1711 2091 concessisse
1725 2006 1784 2108 'vi-¹

787 2154 935 2252 detur,
957 2187 1052 2238 cum
1070 2160 1207 2240 factus
1225 2161 1370 2240 fuisset
1392 2161 1624 2240 Parmensis
1643 2153 1784 2236 Eccle-

786 2304 870 2381 siae
887 2301 1243 2400 Archidiaconus‚
1266 2326 1308 2384 et
1329 2299 1515 2384 eiusdem
1535 2307 1634 2384 anni
1655 2323 1784 2382 aesta·

786 2451 829 2530 te
863 2450 1033 2532 Romam
1070 2457 1199 2561 petiit
1235 2453 1453 2562 religionis
1486 2448 1657 2530 caussa:
1692 2469 1783 2528 erat

787 2600 898 2677 enim
923 2599 1157 2679 Inbilaeus.
1186 2600 1292 2679 Tum
1319 2593 1530 2682 scrutatus
1556 2593 1618 2680 est
1643 2624 1783 2679 omnes

785 2745 943 2841 sordes,
970 2746 1126 2853 quibus
1155 2741 1281 2829 antea
1315 2775 1356 2827 se
1388 2750 1709 2855 inquinaverat,
1737 2765 1784 2822 et

785 2893 896 2971 inid
922 2898 1167 3002 praesertim
1190 2898 1433 2975 incumbere
1455 2915 1548 2975 toto
1573 2897 1712 2972 animo
1734 2894 1781 2968 si-

786 3041 830 3119 bi
856 3045 1030 3138 statuit,
1056 3065 1104 3123 ut
1131 3071 1271 3122 omnes
1298 3071 1322 3121 a
1348 3035 1395 3123 se'
1416 3043 1641 3123 amatorias
1664 3038 1783 3120 volu-

786 3208 924 3294 ptates
958 3191 1151 3296 sapiente
1182 3190 1351 3269 homine
1385 3189 1579 3300 indignas
1613 3209 1782 3296 prorsus

788 3331 1066 3414 reiiceret(¹).
1105 3335 1154 3414 In
1191 3338 1344 3415 itinere
1380 3334 1505 3414 semel
1541 3337 1780 3439 iterumque

788 3543 1780 3570 oueoomveemmueooemoumueoa

846 3637 891 3714 (r)
907 3641 976 3695 Iam
992 3659 1011 3694 a
1034 3639 1147 3698 multis
1169 3643 1263 3698 annis
1279 3641 1354 3717 (his
1377 3641 1478 3700 verbis
1498 3638 1658 3698 scribebat
1673 3637 1718 3694 ad
1735 3638 1783 3694 Im

787 3741 1018 3816 Romanum),
1041 3743 1096 3799 sed
1118 3742 1297 3820 perfectius
1319 3757 1394 3822 post
1408 3742 1591 3802 Inbilaeurn
1605 3740 1704 3796 ...sic
1730 3757 1781 3796 me

785 3841 890 3900 adhuc
904 3843 1042 3901 viridem
1058 3847 1157 3921 pestis
1172 3845 1230 3902 illa
1244 3846 1407 3910 deseruit,
1424 3858 1461 3902 ut
1476 3839 1781 3918 incomparabiliter

786 3946 887 4020 magis
903 3945 977 4003 odio
994 3944 1076 4003 mihi
1090 3947 1133 4004 sit
1146 3967 1245 4024 quam
1262 3947 1363 4005 fuerit
1379 3945 1562 4024 voluptati:
1585 3945 1632 4002 ita
1648 3956 1685 4002 ut
1704 3961 1780 4021 quo·

786 4044 845 4128 ties
860 4063 897 4102 ea
910 4045 1051 4106 foeditas
1066 4048 1101 4106 in
1116 4049 1262 4108 animum
1278 4049 1380 4116 redit,
1397 4049 1521 4126 pudore
1538 4059 1571 4106 et
1587 4045 1697 4106 dolore
1712 4064 1782 4122 pcr-
1873 4101 1877 4110 .

787 4134 871 4230 ῥίφω
887 4148 1151 4224 perhorrescam.
1176 4150 1251 4229 scit,
1269 4169 1320 4208 me
1342 4150 1489 4208 Christus
1513 4149 1673 4208 liberator
1694 4165 1783 4206 meus

789 4246 901 4310 terum
917 4249 1023 4328 loqui.
