4254 5824
1146 597 1149 604 .
1238 627 1316 720 32

779 813 1033 923 gnanimitas
1066 813 1337 920 praesertim,
1375 837 1622 917 morumque
1657 811 1773 890 inte-

778 954 971 1069 gritas(¹)
997 959 1192 1038 omnibus
1229 957 1344 1037 clara
1381 978 1422 1036 et
1456 957 1629 1066 insignis
1663 979 1774 1037 erat.

779 1101 890 1184 Nam
907 1105 1009 1186 huic
1030 1129 1231 1217 acceptus
1257 1104 1361 1184 adeo
1380 1105 1487 1199 fuit,
1507 1123 1555 1184 ut
1574 1131 1655 1214 per
1673 1102 1774 1184 mul-

777 1271 840 1333 tos
859 1281 988 1333 annos
1007 1281 1099 1334 cum
1123 1281 1168 1332 eo
1187 1254 1336 1334 vixerit
1356 1277 1437 1331 noa
1460 1253 1582 1360 quasi
1607 1247 1681 1330 sab
1705 1247 1776 1328 do-

775 1402 906 1489 mino,
931 1401 1001 1482 sed
1026 1401 1099 1482 sab
1112 1421 1264 1514 patre,
1290 1405 1367 1482 imo
1387 1427 1438 1478 aa
1463 1397 1508 1478 ta
1524 1397 1685 1509 quidem
1702 1397 1774 1478 sed

777 1545 1018 1658 cumfratre
1038 1550 1344 1638 amantissimo,
1365 1550 1444 1626 imo
1464 1573 1598 1626 tecum
1624 1567 1663 1624 tt
1679 1571 1775 1657 pto-

770 1697 872 1804 pria
897 1700 942 1775 ia
966 1695 1102 1777 domo.
1129 1697 1212 1778 Sua
1236 1725 1409 1805 quoque
1433 1700 1573 1808 magni
1600 1698 1773 1775 interes-

777 1871 818 1921 se
856 1849 1053 1954 putavit‚
1089 1847 1207 1956 quod
1240 1847 1355 1955 apud
1390 1874 1486 1926 eum
1520 1869 1775 1924 commorans

776 1989 998 2073 doctorum
1027 1993 1245 2074 hominum
1278 1991 1588 2072 consuetudine
1612 1991 1783 2070 fruere-J

776 2157 871 2235 tur,
896 2143 973 2248 qui
1000 2141 1052 2220 ad
1087 2143 1225 2251 ip'sum
1256 2140 1368 2220 omni
1393 2167 1444 2218 ex
1476 2141 1646 2248 regione
1673 2141 1778 2215 con-¹

777 2289 1007 2368 currebant
1025 2285 1211 2370 (²);·Nec
1245 2309 1364 2400 grate
1400 2291 1536 2368 minus
1569 2285 1778 2395 professus

775 2457 835 2515 est
856 2464 984 2544 quam
997 2466 1118 2518 carus
1136 2438 1265 2518 fuerit
1286 2434 1502 2546 Stephano
1522 2434 1692 2514 illorum
1706 2459 1775 2540 pa·

775 2586 855 2680 tri,
879 2613 1006 2692 quem
1030 2583 1175 2665 multis
1206 2585 1307 2666 lieet
1341 2585 1547 2664 iactatum
1573 2579 1773 2691 fluctibus

771 2729 843 2834 yel
868 2759 920 2810 ex
955 2761 1004 2810 eo
1040 2755 1251 2840 tempore,
1277 2760 1362 2838 quo
1395 2729 1637 2810 Bonifacius
1663 2722 1770 2806 VIII

778 2982 1038 3006 000000Μο
1043 2981 1776 3008 ”nemaeum-emoto&

836 3109 881 3188 (1)
898 3114 972 3182 Vir,
982 3111 1091 3190 inquit
1104 3111 1290 3180 Petrarclra,
1302 3134 1400 3192 supra
1412 3133 1534 3171 morem
1546 3080 1768 3170 Cardinalium

775 3213 918 3290 optimus
939 3227 972 3272 et
996 3217 1298 3276 innocentissimae.
1324 3221 1397 3276 Sen.
1415 3215 1436 3274 l.
1453 3219 1523 3272 XV.
1547 3235 1591 3291 ep.
1610 3233 1633 3272 r.
1650 3215 1776 3270 Ductus

775 3331 850 3372 eum
869 3317 911 3372 ad
930 3317 1025 3376 illum
1038 3319 1162 3395 suisset
1170 3321 1292 3400 fratris
1307 3320 1411 3402 filius
1431 3317 1561 3376 nomine
1576 3317 1752 3395 Apapestue
1763 3351 1774 3382 ,

772 3416 872 3492 petiit
896 3419 920 3474 α’
935 3420 1103 3477 Petrarclta
1114 3460 1125 3490 ,
1145 3435 1182 3477 ut
1204 3423 1273 3479 eius
1300 3421 1506 3479 institutioni
1528 3417 1773 3507 educationique

770 3519 894 3595 puerili
906 3535 1082 3599 praeesset,
1097 3523 1180 3600 quod
1196 3523 1406 3582 adolescentis
1423 3523 1520 3600 culpa
1536 3537 1601 3577 non
1618 3519 1692 3577 b'eue
1707 3537 1773 3574 suc·

774 3637 881 3682 tersa.

831 3730 875 3806 (α)
892 3728 943 3788 lbi
959 3733 1104 3790 omnium
1123 3731 1225 3792 ferme
1250 3733 1458 3792 literatorum
1483 3731 1653 3788 hominum
1670 3723 1774 3781 nostri

732 3861 741 3868 ·
774 3829 862 3889 orbis
899 3846 1080 3893 conventus
1110 3837 1258 3895 assiduus
1287 3849 1419 3914 praesto
1450 3833 1530 3893 suit.
1569 3831 1653 3888 Edit.
1683 3823 1778 3884 Basil.

774 3953 803 4011 p.
817 3951 903 4008 1041.
916 3937 991 3992 Non
1006 3937 1192 3996 mediocrem
1207 3937 1386 3998 utilitatem
1398 3936 1571 4016 percepisse
1585 3927 1780 3990 videturPe·

774 4034 898 4091 trarelra
927 4057 964 4094 ee
980 4037 1216 4117 familiaritate
1244 4041 1395 4100 Riooardi
1418 4039 1515 4100 Burii
1542 4036 1777 4098 Britannorum

775 4138 918 4194 omnium
935 4138 1134 4212 doctissimi,
1149 4143 1206 4222 qui
1220 4145 1314 4202 semel
1329 4145 1507 4222 iterumque
1519 4140 1711 4198 Avenionem
1727 4151 1777 4190 ve·

776 4239 828 4298 nit
843 4241 897 4298 rui
913 4243 1008 4322 liepis
1023 4245 1151 4324 nepotia
1162 4247 1363 4324 procurandi
1384 4263 1515 4304 reuera.
